2394 3940
409 251 438 295 v.
461 232 574 298 1-oo.

117 388 275 462 iunctaque
289 402 358 447 oum
372 387 444 448 lona
457 386 571 446 lumina
586 387 662 448 solis
677 398 777 450 erunt:

79 472 203 546 Parsque
218 471 326 531 eadem
342 470 418 530 caeli
433 469 587 546 zephyros
603 471 716 534 emittet
729 480 759 534 et
772 489 874 550 euros,

116 555 150 615 Et
162 555 279 630 tepidus
294 555 396 629 gelido
414 553 501 613 ilabit
515 554 553 614 ab
569 571 629 614 axe
643 563 749 617 notus=

46 638 113 702 etEt
124 655 198 699 novo
212 639 343 698 fraterno
359 638 461 698 veniet
475 638 641 699 concordio
656 641 747 715 sumo,

116 723 202 797 Quem
217 728 305 782 vetus
320 737 452 782 accensa
468 728 591 796 separat
605 722 650 782 ira
663 739 760 801 pyras

78 807 110 866 Et
123 822 173 865 ver
186 813 337 880 autumno,
358 806 483 865 brumae
497 805 673 874 miscebitur
686 812 798 882 aestas,

113 892 209 966 Atque
224 889 332 950 eadem
348 890 433 964 regio
448 904 562 964 vesper
576 897 606 949 et
620 897 703 950 ortus
719 890 790 950 erit:

79 973 161 1046 Quom
176 973 248 1033 milri
263 974 303 1034 sit
317 981 415 1034 tecum
429 973 548 1048 positis!
573 988 652 1048 quae
667 974 863 1052 sumpsimus,
885 977 978 1037 armis

47 1068 71 1117 to
116 1057 220 1132 Gratia,
243 1057 424 1130 commissis,
446 1057 593 1131 improbe,
615 1063 705 1132 rupta
720 1058 794 1118 tuis=

76 1140 160 1214 Quam
174 1142 264 1200 dolor
277 1140 327 1200 liic
341 1156 484 1214 umquam
499 1140 599 1214 spatie
615 1155 801 1202 evanescere
815 1143 932 1220 possit,¹

109 1223 211 1284 Leniat
225 1231 277 1284 aul
291 1224 395 1284 odium
410 1231 531 1298 tempus
546 1230 578 1283 et
591 1223 794 1308 horatmeum.

73 1306 127 1366 Pax
142 1308 288 1368 erithace
303 1307 402 1379 nobis,
425 1308 525 1367 donee
540 1307 612 1366 milri
629 1308 689 1367 vito
702 1310 843 1384 manebit,

110 1391 178 1454 Cum
192 1406 306 1467 pecore
320 1391 439 1451 infirmo
456 1407 535 1465 quae
549 1391 628 1450 solet
643 1407 714 1452 esse
729 1393 819 1467 lupis.

44 1475 164 1538 terrim
178 1476 302 1554 quidem
319 1484 428 1551 coepto
445 1476 626 1536 committam
642 1477 759 1550 proelio
772 1491 880 1538 versu:

109 1561 171 1621 Non
186 1561 307 1621 soleant
321 1561 461 1635 quamvis
476 1560 535 1620 hoc
549 1560 630 1635 pede
644 1559 723 1619 bella
738 1561 811 1635 geri.

76 1643 163 1719 litque
177 1645 252 1719 petit
268 1644 364 1718 primo
381 1645 503 1718 plenum
517 1642 658 1703 flaventis
674 1659 785 1702 arenae

111 1728 243 1788 Nondum
261 1727 381 1788 calfacti
396 1727 498 1787 militis
513 1726 602 1787 hasta
618 1728 731 1786 solum:

79 1809 121 1870 Sic
133 1827 186 1885 ego
200 1818 231 1872 te
245 1812 380 1872 nondum
395 1812 476 1870 ferro
491 1809 650 1870 iaculabor
663 1816 762 1880 acuto,

49 1905 75 1956 lt
115 1893 246 1956 Protinus
262 1895 394 1955 invisum
408 1909 465 1954 neo
477 1901 560 1971 petet
573 1894 662 1953 hasta
677 1898 783 1967 eaput:

80 1978 110 2036 llt
120 1993 213 2054 neque
227 1994 338 2039 nomen
353 1979 385 2037 in
399 1978 469 2051 lroo,
492 1993 549 2037 nec
564 1978 663 2038 dicam
680 1978 758 2036 lacto
772 1974 891 2038 libellos

112 2061 207 2136 Teque
221 2062 317 2135 brevi,
341 2061 393 2138 qui
408 2062 461 2134 sis,
486 2061 678 2122 dissimulare
693 2062 800 2120 sinam:

81 2142 236 2220 Postmodo,
259 2145 285 2206 si
302 2161 423 2222 perges,
445 2145 476 2204 in
491 2151 520 2205 tc
535 2146 606 2206 mihi
621 2146 698 2205 liber
711 2143 829 2204 iambus

112 2228 206 2288 Tincta
219 2229 394 2305 Lycambeo
410 2228 559 2304 sanguine
573 2231 633 2290 tela
651 2229 744 2288 dabit.

51 2310 158 2386 osNunc,
180 2329 239 2388 quo
252 2313 408 2374 Battiades
422 2312 576 2373 inimicum
592 2314 724 2372 devovet
737 2310 812 2383 Ibin,

113 2394 171 2454 Hoc
185 2411 241 2470 ego
257 2396 398 2456 devoveo
413 2403 505 2472 teque
521 2405 653 2470 tuosque
667 2395 769 2454 modo.

81 2477 164 2554 thue
177 2479 235 2556 ille,
257 2480 394 2541 historiis
408 2480 562 2540 involvam
577 2478 710 2538 carmina
725 2475 841 2536 caeeisa

112 2561 170 2622 Non
187 2564 304 2624 soleam
321 2564 460 2640 quamvis
475 2564 535 2624 lroc
549 2577 646 2638 genus
662 2562 730 2637 ipse
744 2557 842 2633 sequi.

81 2643 148 2706 llius
162 2647 305 2721 ambages
320 2647 452 2708 imitatus
467 2648 497 2706 io
512 2648 598 2707 ibide
613 2646 697 2706 dicar

52 2734 77 2787 60
117 2727 226 2790 Oblitus
242 2732 336 2792 moris
351 2730 517 2807 iudiciique
532 2731 600 2791 mei.

80 2809 107 2870 Et
119 2814 265 2886 quoniam,
291 2814 343 2890 qui
359 2815 413 2890 sis,
437 2816 572 2875 nondum
589 2811 804 2888 quaerentibus
819 2809 889 2887 ede,

111 2895 197 2956 ibidis
213 2898 328 2957 interea
342 2903 371 2956 tu
387 2914 511 2973 quoque
526 2913 635 2958 nomen
652 2895 740 2956 habe.

80 2975 162 3053 thue
175 2981 235 3040 mei
249 2996 360 3040 versus
374 2982 562 3057 aliquantum
577 2981 676 3042 noctis
690 2979 852 3051 habebunt,

112 3060 158 3123 Sic
171 3065 252 3124 vitae
269 3064 366 3124 series
383 3071 445 3126 tota
460 3066 499 3126 sit
513 3072 579 3126 atra
592 3071 672 3125 tuae.

51 3143 148 3204 oollaae
161 3147 212 3206 tibi
228 3147 321 3207 natali
336 3148 436 3222 facito,
457 3149 582 3224 looique
596 3145 736 3208 kalendis

109 3227 168 3289 Non
182 3231 344 3291 mentituro
363 3232 487 3306 quilibet
502 3249 555 3292 ore
570 3233 659 3307 legat

78 3311 202 3374 bimaris
220 3321 251 3374 ot
264 3321 372 3390 terrae,
396 3317 509 3392 quique
523 3317 570 3376 his
586 3317 712 3375 meliora
727 3311 836 3377 tenetis

109 3396 183 3457 inter
198 3398 342 3459 diversos
358 3415 427 3460 cum
442 3401 516 3460 love
531 3415 627 3474 regna
640 3401 740 3475 polos,

21 3509 23 3568 j
76 3475 283 3623 lluohlpreeor,
304 3479 364 3543 huc
377 3489 497 3545 vestros
514 3499 619 3546 omnes
635 3482 789 3626 advertite⁷
796 3485 921 3555 menes,

23 3596 24 3610 r
50 3572 107 3621 ouo.
167 3607 174 3622 .
