2372 3928
186 239 250 304 21⁰
567 237 825 300 basuellum

272 391 340 465 An,
356 389 429 466 quia
443 389 606 468 praevisos
622 388 652 447 in
667 403 749 464 aqua
763 389 847 451 timet
864 390 965 452 hestia
980 395 1093 468 emhus,

315 476 343 536 Α
358 474 483 550 peeoris
496 475 551 534 lux
566 479 613 534 est
628 472 699 548 ipsa
712 479 817 534 natata
831 480 935 534 metut

271 558 332 620 Fas
347 558 452 632 etiam,
469 557 535 620 lieri
551 557 651 617 solitis
666 561 767 616 aetate
781 555 918 632 priorum

213 651 266 706 330
321 642 450 702 Nomina
464 640 503 700 de
518 639 599 702 ludis
615 639 733 700 Graeca
746 639 854 700 tulisse
869 639 960 700 diem.

161 778 170 786 .
270 725 307 785 llt
323 739 419 800 pecus
433 723 576 799 auttqms
592 721 714 784 diaehat
726 722 849 798 Agauia
862 737 976 785 semna.

312 808 457 882 veraque
470 805 584 868 iudidio
600 811 648 868 est
660 806 767 868 tullirmr
779 822 876 867 eausa
889 822 970 867 meo.

270 891 370 966 thue
384 906 423 951 ea
436 905 499 951 hon
509 897 596 952 aertu
611 896 672 962 est,
689 889 730 950 itu
737 903 801 952 reu
811 889 938 966 plaaare
953 905 1104 954 saemrum

313 973 443 1034 Nurrrirra
456 973 612 1049 lanigerae
622 973 863 1049 euuiugedebet
877 975 956 1036 oris.

207 1058 259 1116 333
272 1057 414 1132 Victima,
431 1073 510 1133 quae
526 1055 636 1118 aeaidit
649 1057 758 1118 dextra
771 1056 911 1133 vietriee,
925 1066 1065 1120 vedetur:

312 1139 460 1202 Hostibus
476 1157 494 1200 a
509 1139 632 1202 demitis
645 1139 749 1202 hestia
762 1155 875 1202 nomeu
889 1140 992 1202 habet.

271 1225 365 1298 Ante,
382 1224 458 1285 deos
473 1223 588 1284 homiui
605 1223 690 1298 qued
705 1224 869 1286 eunuiliare
883 1226 1007 1300 valeret,

312 1306 371 1368 Far
386 1313 450 1367 erat
465 1313 495 1367 et
509 1305 578 1382 puri
591 1306 695 1368 lueida
709 1307 788 1368 miea
802 1308 887 1370 salis.

271 1390 411 1452 Nondum
426 1391 591 1467 pertulerat
605 1391 778 1454 hemmaus
793 1392 906 1454 earliee
918 1393 1061 1470 myrrhas

207 1483 259 1540 340
313 1477 391 1535 Aeta
407 1490 462 1550 per
476 1490 649 1551 aequoreas
664 1473 788 1550 hospita
802 1477 891 1538 navis
905 1493 1013 1553 aquas,

269 1557 348 1620 Tura
363 1574 420 1619 nee
433 1559 620 1634 Euphrates,
634 1573 694 1618 ¹neu
708 1559 833 1620 miserat
846 1559 933 1620 ludia
944 1568 1075 1637 eastum,

310 1641 373 1703 Neu
388 1643 507 1704 luerent
520 1642 603 1703 rubri
618 1642 741 1716 capuita
755 1643 808 1704 iila
822 1643 914 1704 eruci

268 1725 332 1787 Ara
346 1725 439 1789 dabat
454 1725 555 1789 tumus
569 1725 672 1786 herbis
688 1733 830 1788 abutente
844 1725 978 1802 Sabinis,

310 1810 347 1870 Et
365 1827 426 1872 uon
446 1810 557 1886 exiguo
572 1810 677 1874 laurus
694 1811 807 1874 ,adusta
820 1826 910 1873 sane.

205 1895 256 1952 343
272 1890 376 1968 Siquis
391 1899 471 1967 erat,
485 1893 575 1954 laetis
591 1893 669 1970 prati
684 1894 723 1954 de
738 1892 816 1954 liure
831 1895 955 1956 aaronis

312 1976 368 2051 Qui
383 1984 493 2053 posset
509 1977 606 2038 viulas
619 1977 750 2052 addere,
766 1978 853 2038 dives
867 1986 944 2040 erat.

268 2059 340 2134 Hie,
358 2061 408 2136 qui
423 2076 505 2126 nune
519 2061 618 2137 aperit
630 2061 771 2137 percussi
785 2061 908 2128 uiscera
921 2064 1010 2138 tauri,

310 2143 345 2202 In
360 2144 457 2204 saeris
472 2143 589 2204 arulum
603 2145 701 2206 eulter
712 2143 846 2206 habebat
861 2160 950 2222 opus.

268 2225 368 2288 Prima
383 2225 475 2287 ceres
490 2227 602 2288 avidae
615 2229 724 2304 gavisa
736 2236 786 2290 est
800 2230 949 2304 sauguine
960 2246 1086 2309 pereae,

206 2319 258 2378 350
313 2310 383 2372 Ultu
401 2326 475 2374 suas
488 2311 596 2374 merita
608 2313 705 2374 eaede
719 2314 859 2375 nouentis
874 2329 963 2391 apes.

266 2394 342 2455 llam
357 2401 424 2456 sata
438 2409 512 2456 vere
524 2411 608 2458 *nevo
623 2397 735 2457 terreris
750 2397 894 2459 lactentia
910 2399 997 2460 sueis

309 2478 402 2540 Erute
416 2479 587 2555 saetigerae
601 2481 750 2556 comperit
764 2495 817 2542 ere
832 2481 909 2543 suis.

268 2561 329 2624 Sus
350 2563 476 2624 dederat
489 2579 619 2638 poenas.
645 2563 794 2640 Exemplo
810 2565 932 2627 territus
946 2565 1037 2628 huius

309 2645 434 2706 Palmite
450 2645 602 2706 debueras
618 2645 818 2722 abstinuisse,
835 2663 937 2724 caper.

200 2733 256 2789 335
274 2728 369 2802 Quem
383 2733 527 2803 spectans
542 2729 654 2803 aliquis
669 2731 777 2792 dentes
790 2731 823 2792 in
838 2732 899 2794 vite
914 2740 1113 2809 prementem,

309 2809 394 2871 Talia
407 2826 469 2872 non
483 2811 575 2872 tacito
596 2812 676 2874 dieta
689 2815 798 2876 dolere
812 2815 911 2876 dedita

268 2893 383 2968 diade,
401 2909 502 2970 eaper,
517 2894 625 2956 viteml
642 2903 741 2960 umen
756 2897 837 2974 hiae,
853 2913 922 2960 eum
934 2898 1033 2962 stabis
1049 2899 1089 2960 ad
1106 2915 1175 2962 ara

309 2977 342 3036 ln
357 2984 410 3038 tua
427 2978 512 3054 quad
526 2980 632 3056 spargi
647 2995 763 3044 cernua
776 2981 892 3058 pessit,
908 2984 985 3044 erit'

267 3060 371 3122 Verba
385 3060 464 3123 fides
479 3063 624 3138 sequitur.
654 3081 754 3128 nexae
767 3062 821 3126 uhi
836 3065 958 3129 deditus
971 3066 1072 3127 hostis

107 3215 112 3223 ,
199 3155 255 3212 363
309 3141 468 3221 Spargitur
481 3145 593 3210 adluse
609 3163 739 3223 cornua,
753 3149 889 3224 Bacche,
904 3164 1001 3212 mero.

267 3225 362 3304 culpa
376 3229 424 3294 sui
437 3231 550 3294 nouub.
579 3232 683 3294 necuit
698 3247 822 3309 quoque
837 3233 929 3310 eulpa
944 3233 1102 3308 capellae:

306 3311 384 3386 Quid
400 3312 472 3387 bus,
493 3313 566 3390 quid
583 3315 726 3392 placidae
741 3317 963 3380 commeruistis
976 3326 1082 3378 xerest

263 3395 370 3457 Flebat
383 3396 556 3469 Aristaeus,
575 3399 659 3473 quod
672 3416 749 3476 apes
765 3415 834 3462 aum
849 3400 943 3478 stirpe
958 3408 1089 3462 necans

303 3479 430 3542 Viderat
447 3481 586 3556 inceptos
602 3482 778 3545 destituisse
792 3485 891 3544 laves.
