2492 3926
228 229 290 296 270
615 231 871 296 PASTORUM

351 385 418 444 Non
435 384 600 460 dedignata
615 392 663 445 est
676 398 788 444 nomen
802 383 917 444 habere
931 387 1050 446 Venus.

310 467 388 526 ilinc
401 474 487 529 satus
500 471 633 543 Aeneas,
654 467 754 544 pietas
768 474 908 542 spectata
920 484 978 544 per
992 471 1087 544 ignes,

352 549 460 626 Sacra,
483 559 662 628 patremque
676 551 824 624 humeris,
848 552 944 612 altera
957 569 1061 626 sacra,
1083 554 1147 614 tulit

310 634 459 695 Venimus
475 637 516 696 ad
532 636 604 696 ielix
618 635 783 709 aliquando
797 650 909 696 nomen
922 636 988 711 Iuli,

260 723 294 776 to
348 718 438 778 Unde
453 719 563 780 domus
577 719 711 779 Teucros
725 718 803 779 lulia
817 719 912 794 tangit
931 735 1016 780 avos

308 799 471 862 Postumus
486 801 565 863 hinc.
596 803 648 878 qui
663 802 747 876 quod
762 801 849 862 silvis
864 802 920 862 luit
934 809 1017 863 ortus
1033 803 1063 861 in
1076 801 1143 873 altis,

351 883 465 946 Silvius
480 886 510 946 in
525 887 611 947 Latia
623 893 714 961 gente
728 893 855 947 vocatus
871 895 946 946 erat.

309 968 411 1043 isque,
426 969 541 1044 Latine,
564 970 616 1030 tibi
630 976 718 1045 pater
732 975 788 1030 est
817 968 900 1030 subit
914 968 995 1030 Alba
1007 969 1148 1029 Latinum:

348 1050 508 1113 Proximus
523 1062 570 1114 est
584 1053 677 1114 titulis
690 1052 812 1129 Epitos,
835 1052 925 1125 Alba,
948 1054 1016 1114 tuis.

258 1140 293 1194 ta
306 1134 361 1194 ille
376 1135 460 1196 dedit
473 1135 569 1214 Capyi
584 1137 721 1197 recidiva
734 1134 885 1197 vocabula
899 1135 1006 1198 Troiae

350 1218 388 1277 Et
403 1226 471 1280 tuus
486 1226 534 1279 est
546 1220 641 1295 idem,
664 1220 796 1296 calpae,
818 1220 916 1280 iactus
931 1236 1018 1281 avus.

310 1301 445 1377 Cumque
458 1303 553 1377 patris
568 1318 696 1378 regnum
710 1310 781 1380 post
794 1303 875 1362 hunc
889 1303 1046 1366 Tiberinus
1058 1303 1172 1370 haberet

349 1384 464 1445 Dicitur
479 1385 509 1446 iu
522 1388 640 1448 Tuscae
654 1387 773 1462 gurgite
786 1401 906 1446 mersus
922 1403 1030 1463 aquae.

308 1467 371 1534 lam
387 1476 485 1530 tamen
499 1471 658 1547 Agrippan
673 1476 774 1530 natum
787 1469 1010 1545 Remulumque
1023 1477 1148 1546 nepotem

255 1560 292 1614 ⁵0
345 1552 480 1612 Viderat.
509 1552 539 1612 in
553 1554 712 1616 Remulum
727 1553 852 1614 fulmina
865 1554 962 1616 missa
978 1555 1080 1614 lerrmt.

310 1635 403 1695 Venit
413 1634 583 1698 Aventinus
598 1637 756 1713 posthae,
780 1637 865 1697 locus
880 1637 963 1698 unde
978 1645 1105 1711 vocatm,

348 1718 438 1780 Mons
455 1735 586 1796 quoque.
617 1728 688 1796 post
702 1721 785 1780 illum
799 1721 909 1780 tradita
922 1737 1017 1796 regna
1030 1721 1138 1781 Procae.

309 1801 403 1876 Quem
418 1803 555 1878 sequitur
569 1805 636 1866 duri
650 1804 785 1865 Numitor
799 1819 962 1879 germanus
975 1804 1081 1866 Amuli.

349 1886 405 1946 ilia
419 1903 487 1948 oum
500 1888 601 1948 Lauso
618 1889 656 1948 dc
670 1886 823 1947 Numitore
845 1888 912 1948 sati.

256 1975 291 2030 55
305 1968 388 2029 Ense
403 1971 485 2030 cadit
498 1978 605 2046 patruo
619 1970 748 2032 Lausus.
777 1972 877 2047 placet
890 1969 945 2030 ilia
959 1969 1053 2043 lilarti,

349 2053 452 2126 Teque
466 2054 552 2128 parit,
575 2056 696 2129 gemino
711 2055 811 2117 iuncte
826 2054 949 2128 Quirine
963 2055 1066 2114 Remo.

308 2136 361 2194 llle
375 2151 450 2195 suos
465 2151 588 2212 semper
600 2139 753 2198 Venerem
766 2137 954 2214 Martemque
969 2143 1102 2214 parentes
1204 2161 1205 2213 t

348 2217 445 2292 Dixit,
467 2225 497 2278 et
510 2220 635 2280 emeruit
650 2222 736 2282 vocis
752 2221 865 2282 habere
879 2222 980 2284 iidem.

306 2299 390 2360 Neve
405 2303 536 2362 secuturi
551 2311 681 2379 possent
693 2305 813 2366 nescire
827 2312 965 2380 nepotes,

248 2386 291 2448 '60
344 2387 495 2462 Tempora
509 2387 558 2448 dis
572 2389 693 2463 generis
709 2389 883 2450 continuata
898 2389 991 2449 dedit.

308 2467 370 2529 Sed
384 2469 515 2532 Veneris
530 2487 666 2533 mensem
682 2472 773 2534 Graio
789 2487 931 2534 semrone
947 2477 1076 2534 notatum

345 2555 498 2628 Auguror.
527 2570 545 2615 a
560 2556 676 2630 spumis
691 2562 739 2616 est
753 2557 812 2617 dea
826 2555 906 2616 dicta
924 2557 1026 2616 maris.

305 2637 368 2695 Nec
383 2637 435 2698 tibi
449 2639 489 2697 sit
502 2638 610 2698 mirum
625 2638 742 2700 Graeco
757 2655 822 2700 rem
836 2640 957 2700 nomine
972 2639 1045 2699 diei:

346 2720 420 2779 itala
436 2736 505 2779 nam
520 2722 608 2781 tellus
624 2722 752 2784 Graecia
766 2723 861 2783 maior
875 2731 948 2783 erat.

256 2810 290 2866 65
304 2802 438 2862 Venerat
452 2801 594 2864 Euander
608 2805 699 2880 plena
713 2821 781 2866 cum
798 2807 899 2868 classe
914 2820 1051 2868 suorum=

345 2887 479 2948 Venerat
491 2887 626 2962 Alcides,
644 2888 750 2950 Graius
766 2895 894 2964 uterque
907 2905 1014 2964 genus.

304 2969 427 3045 Hospes
441 2972 601 3032 Aventinis
617 2980 782 3034 armentum
797 2973 880 3049 pavit
893 2974 923 3032 in
938 2972 1038 3032 herbis

346 3053 497 3129 claviger,
521 3064 551 3116 et
564 3063 647 3117 tnnto
663 3063 710 3116 est
722 3057 835 3118 Albula
849 3064 923 3132 pota
936 3057 1006 3116 deo.

304 3138 373 3198 Dux
389 3153 513 3212 qaroque
526 3139 667 3202 Neritius.
694 3147 789 3200 testes
803 3140 1030 3217 Laestrygones
1044 3138 1134 3198 exart
1202 3191 1203 3194 ,

254 3229 289 3286 to
342 3220 380 3280 iit
394 3222 478 3294 qnod
492 3222 593 3283 adhuc
607 3223 710 3285 Circes
724 3223 848 3284 nomina
861 3224 932 3284 litus
945 3221 1046 3284 habet.

303 3305 343 3365 Et
356 3302 415 3363 iam
430 3305 589 3381 Telegoni,
611 3306 671 3368 iam
685 3307 806 3368 moenia
819 3307 937 3366 Tiburis
951 3305 1004 3368 udi

345 3387 487 3462 Stabant,
501 3389 664 3464 Argolicae
682 3391 765 3465 quod
780 3405 914 3466 posuere
927 3406 1046 3448 manus.

221 3535 225 3548 ,
303 3474 437 3532 Venerat
450 3471 575 3534 Atridae
591 3473 659 3534 latis
675 3473 803 3548 agitatus
818 3473 978 3543 Halaesus,
