2372 3928
294 243 345 315 IV,
372 239 420 313 13,
440 237 577 316 att-14,
593 238 644 302 47.
922 243 981 308 tul

62 398 85 456 ln
99 397 208 458 medias
225 393 501 472 Syrtes,2mediam
516 409 584 454 mea
598 394 667 454 vela
682 390 857 472 Charybdin

35 493 54 543 tt
92 481 196 554 lllittite,
219 479 374 556 praesenti
389 479 461 538 dum
477 493 636 538 careamus
650 477 754 538 humo.

61 564 123 642 Styx
135 580 266 640 quoque,
283 563 397 638 siquid
413 578 450 622 ea
464 569 520 635 est,
535 562 614 622 bene
626 563 858 624 commutabitur
866 563 976 640 Histro,

92 649 190 724 Siquid
205 655 236 708 el
250 648 386 721 interius
406 663 497 722 quarn
514 645 619 723 Styga,
643 649 775 708 mundus
790 647 891 709 habet.

61 733 185 794 Gramina
199 736 299 794 cultus
314 749 395 808 ager,
420 732 515 806 frigus
528 731 629 791 minus
645 731 710 794 odit
725 732 865 805 larundo,

93 818 224 880 Proxima
238 817 407 878 Marticolis
423 831 513 889 quam
532 817 601 874 looa
614 815 697 875 Naso
714 816 807 876 Getis.

33 902 128 961 illalia
142 908 324 962 succensent
338 908 465 976 propter
475 899 552 960 mihi
566 899 661 959 verba
675 899 820 970 Tomitae,

94 987 192 1060 lraque
207 983 395 1044 carminibus
412 983 534 1059 publiea
547 991 630 1044 mota
645 984 732 1044 meis.

63 1069 126 1142 Ergo
141 1085 196 1143 ego
211 1069 343 1130 cessabo
359 1083 525 1142 numquam
541 1083 597 1142 per
610 1069 746 1128 carmina
761 1069 849 1141 laedi,

93 1153 198 1212 Plectar
212 1162 243 1214 et
255 1154 378 1214 incauto
394 1167 517 1226 semper
532 1152 570 1212 ab
586 1153 728 1226 ingenio?

63 1235 128 1310 Ergo
142 1252 206 1312 ego,
227 1253 268 1297 ne
282 1237 424 1308 scribam,
449 1236 562 1310 digitos
577 1235 713 1296 incidere
730 1245 866 1308 cunctor,

32 1323 56 1372 lt
94 1320 215 1396 Telaque
230 1321 332 1382 adhue
347 1321 485 1396 demens,
509 1335 588 1394 quae
602 1333 744 1396 nocuere,
768 1329 904 1397 sequort

64 1404 103 1462 Ad
115 1411 226 1466 veteres
241 1407 390 1480 scopulos
404 1405 511 1465 iterum
527 1405 669 1465 devertor
684 1413 713 1464 et
727 1405 805 1480 illas,

94 1488 123 1546 In
136 1489 241 1562 quibus
257 1487 385 1550 offendit
400 1488 548 1562 naufraga
563 1489 686 1563 puppis,
708 1497 827 1562 aquas?

64 1570 114 1630 Sed
127 1572 194 1632 nihil
209 1572 329 1634 admisi.
360 1574 442 1633 nulla
458 1580 505 1632 est
519 1587 588 1631 mea
602 1573 702 1648 culpa,
724 1572 868 1646 Tomitae,

95 1656 167 1729 Quos
182 1672 248 1732 ego,
271 1673 341 1717 cum
354 1658 423 1716 loca
439 1656 496 1716 sim
512 1662 614 1714 vestra
628 1671 773 1730 perosus,
796 1672 875 1716 amo.

32 1738 173 1810 thuilibet
186 1742 319 1802 excutiat
332 1740 429 1802 nostri
444 1740 628 1800 monimenta
642 1739 774 1800 laboris:

91 1823 192 1884 Littera
206 1826 245 1884 de
260 1825 349 1886 vobis
365 1833 412 1885 est
426 1839 495 1882 mea
511 1831 619 1898 questa
634 1824 717 1882 nihil.

61 1903 150 1981 Frigus
165 1915 192 1968 et
205 1909 347 1970 incursus
363 1909 446 1970 omni
462 1908 601 1982 deporto
616 1907 770 1968 timendos

92 1991 123 2050 Et
136 1993 214 2066 quod
227 1995 368 2068 pulsetur
383 2008 487 2054 murus
503 1991 541 2052 ab
557 1990 655 2064 hoste,
678 2005 798 2066 queror.

61 2073 86 2132 lo
101 2077 170 2147 laea,
190 2093 251 2137 non
264 2077 416 2150 homines,
438 2074 600 2136 verissima
614 2075 739 2137 crimina
753 2075 827 2136 dixi.

31 2153 54 2206 lt
94 2157 218 2236 culpatis
229 2163 369 2222 'trastrum
383 2175 442 2221 vos
459 2175 581 2235 quoque
595 2175 690 2235 saepe
707 2160 816 2220 solum.
845 2173 847 2176 ·

60 2242 135 2304 Esset
149 2254 294 2322 perpetuo
309 2261 367 2307 sna
383 2261 474 2320 quam
489 2242 620 2306 vitabilis
634 2246 742 2316 Ascra,

91 2331 170 2390 Ausa
184 2337 230 2390 est
241 2331 399 2405 agricolae
414 2329 505 2388 illusa
519 2329 631 2388 ducere
645 2329 741 2388 senis.

58 2411 90 2470 ,lt
102 2413 193 2474 fuerat
205 2421 286 2474 terra
300 2415 430 2490 genitus
454 2413 506 2488 qui
521 2411 653 2488 scripsit,
677 2411 707 2470 in
723 2411 787 2470 illa:

90 2497 223 2558 Intumuit
238 2499 299 2559 vati
315 2513 371 2558 nec
385 2505 486 2558 tamen
502 2500 602 2556 Ascra
618 2511 685 2556 suo.

26 2581 48 2637 lt
58 2577 118 2652 Quis
134 2583 259 2657 patriam
273 2583 397 2643 sollerte
412 2581 510 2656 magis
524 2581 630 2641 dilexit
643 2579 754 2640 ulixen

88 2665 149 2727 Hoc
163 2674 261 2728 umen
277 2666 429 2742 asperitas
445 2664 547 2725 indice
561 2672 634 2724 nota
649 2664 709 2724 loci
724 2672 780 2724 est.

55 2746 108 2808 Non
122 2753 199 2826 loca,
221 2752 279 2812 sed
293 2765 394 2811 mores
409 2749 531 2824 scriptis
548 2748 670 2810 vexavit
685 2748 796 2808 amaris

87 2832 229 2910 Scepsius
244 2834 413 2908 Ausonios,
435 2841 564 2908 actaque
579 2833 677 2894 Roma
692 2849 745 2894 rea
761 2839 818 2893 est.

53 2912 131 2978 lalsa
144 2927 244 2980 tamen
261 2935 356 2994 passa
370 2925 416 2978 est
431 2933 531 2994 aequa
547 2916 686 2978 convicia
701 2925 810 2988 mente,

22 2997 46 3050 ll
86 3000 184 3063 Obluit
200 3003 316 3064 auctori
333 3017 390 3062 nec
404 3003 469 3062 fera
485 3001 588 3076 lingua
601 3017 671 3062 suo.

51 3085 84 3144 nl
95 3087 193 3147 malus
208 3088 357 3162 interpres
373 3086 478 3161 populi
493 3085 565 3148 mihi
581 3086 713 3164 concitat
726 3085 812 3155 iram,

83 3168 178 3246 Inque
192 3187 306 3232 novum
321 3171 435 3230 crimen
452 3171 587 3230 carmina
604 3176 710 3230 nostra
725 3174 826 3228 vocat.

49 3251 110 3312 Tam
123 3255 200 3314 lelix
216 3256 338 3328 utinam,
363 3271 453 3330 quam
469 3260 593 3329 pectore
607 3253 770 3328 candidus
793 3257 910 3312 essem!

80 3336 168 3400 Extat
183 3340 284 3400 adhuc
298 3355 387 3400 nomo
403 3338 528 3399 saueius
544 3353 682 3398 oremeo

16 3423 40 3476 tl
50 3419 138 3497 Adde,
163 3425 247 3498 quod
263 3424 385 3500 illyrica
400 3424 427 3482 si
443 3422 502 3482 iam
517 3423 586 3498 piee
601 3423 716 3496 nigrior
731 3435 841 3494 essem,

82 3505 144 3566 Non
160 3509 332 3568 mordenda
346 3506 419 3567 mihi
434 3507 521 3566 turba
536 3505 635 3566 fidelis
652 3513 724 3565 erat.
833 3515 834 3520 ’

16 3609 18 3690 3
49 3587 170 3652 Molliter
185 3607 206 3652 a
220 3591 309 3652 vobis
323 3607 392 3651 mea
407 3605 477 3651 sors
493 3597 632 3673 encepta,
653 3589 797 3657 Tomitae,
