2492 3926
176 214 237 278 296
553 209 809 272 insuebant

259 365 322 425 Nec
337 378 437 437 mora,
457 361 597 424 consedit
610 363 714 422 medio
729 363 868 424 sublimis
884 333 1011 441 olympo

302 449 421 519 Aurea,
440 462 593 522 purpureo
604 447 829 522 conspicienda
845 449 925 508 sinu.

262 530 438 594 consedere
453 530 541 590 simul
555 529 659 591 Pudor
673 537 703 590 et
716 531 826 592 Metus.
857 546 949 592 omae
964 529 1091 590 videres

209 631 245 684 30
300 615 417 676 Numen
432 614 566 674 adhunc
581 615 681 675 cultus
701 616 918 690 composuisse
933 629 1019 675 suos.

259 699 399 759 Protinus
413 697 535 757 intravit
548 703 665 758 mentes
681 705 847 773 suspectus
862 699 1032 758 honorum:

301 783 348 842 Fit
361 781 490 858 pretium
505 781 621 856 dignis,
636 796 693 840 nee
707 781 766 842 sibi
781 782 915 858 quisque
929 782 1041 857 placet.

260 867 316 925 iiie
332 870 429 926 status
445 865 575 924 incaelo
595 865 707 925 multos
722 865 890 940 permansit
904 865 934 923 in
951 880 1061 937 annoS,

305 951 382 1010 Dum
400 947 503 1009 senior
522 947 591 1008 latis
606 948 719 1008 exeidit
733 963 805 1008 arce
817 949 905 1009 deus.

212 1044 245 1098 35
259 1035 351 1093 Terra
366 1033 448 1092 ieros
463 1037 584 1108 partus,
600 1032 742 1100 immania
761 1039 912 1106 monstra,
929 1031 1076 1106 Gigantas

304 1116 407 1177 Edidit
421 1131 552 1178 ausuros
566 1116 597 1176 in
611 1116 694 1176 Iovis
709 1116 754 1177 ire
767 1115 903 1177 domum.

262 1201 344 1260 Mille
357 1216 466 1260 manus
481 1199 540 1260 illis
556 1199 641 1260 dedit
655 1208 685 1260 et
699 1216 754 1276 pro
770 1199 909 1261 eruribus
925 1214 1053 1272 angues,

305 1286 407 1358 Atque
422 1283 477 1356 ait,
496 1283 556 1342 “ln
571 1298 700 1358 magnos
715 1299 800 1344 arma
813 1285 938 1347 movete
951 1283 1068 1343 deos.”

264 1368 412 1427 Extruere
426 1365 458 1425 hi
472 1374 591 1427 montes
606 1367 647 1426 ad
661 1366 764 1428 sidera
779 1383 897 1428 summa
911 1365 1071 1442 parabant,

215 1460 250 1512 40
304 1450 343 1510 111
356 1465 498 1526 magnum
511 1449 593 1512 bello
610 1451 774 1511 sollicitare
788 1453 903 1511 Iovem.

264 1535 402 1594 Fulmina
417 1535 456 1594 de
471 1534 547 1594 caeli
562 1535 711 1596 iaculatus
726 1535 862 1610 Iuppiter
877 1549 948 1594 arce

307 1617 405 1678 Vertit
417 1618 448 1677 in
464 1625 605 1678 auctores
620 1618 759 1693 pondera
772 1625 861 1678 vasta
876 1633 961 1678 suos.

266 1701 320 1762 liis
335 1700 415 1760 bene
428 1700 574 1761 Maiestas
590 1702 682 1762 armis
698 1702 829 1761 detensa
846 1702 974 1761 deorum

308 1786 428 1856 Restat,
449 1790 532 1844 etex
547 1785 597 1845 illo
612 1791 750 1859 tempore
764 1785 845 1845 culta
859 1792 970 1844 manet.

217 1876 250 1930 45
265 1869 392 1929 Assidet
406 1867 478 1928 inde
490 1867 571 1928 Iovia
599 1867 681 1928 lovis
696 1875 745 1929 est
758 1868 908 1928 fidissima
921 1875 1037 1942 eustos,

311 1951 349 2012 iit
363 1958 499 2027 praestat
512 1952 580 2012 siue
593 1951 624 2009 vi
639 1959 762 2027 sceptra
776 1953 910 2011 timenda
923 1952 999 2012 lovi.

270 2036 362 2095 Venit
376 2042 406 2094 et
420 2036 450 2094 in
464 2041 572 2096 terras.
601 2037 761 2095 coluerunt
773 2036 922 2096 Romulus
935 2036 1017 2094 illam

312 2118 350 2177 Et
363 2118 467 2178 Numa.
496 2133 568 2176 mox
584 2119 649 2192 alii,
664 2125 803 2195 tempore
819 2119 949 2195 quisque
964 2133 1031 2177 suo.

271 2203 325 2261 llla
341 2208 442 2275 patres
457 2201 487 2259 in
506 2199 624 2261 honore
639 2201 691 2276 pio
707 2210 883 2280 matresque
902 2208 1010 2274 tuetur,

221 2302 255 2353 50
312 2285 367 2344 illa
381 2299 484 2344 eomes
500 2284 604 2360 pueris
618 2285 851 2362 virginibusque
865 2286 957 2346 venit.

268 2370 323 2430 illa
338 2368 426 2429 datos
443 2368 544 2429 lasees
560 2371 752 2430 commendat
765 2370 903 2444 eburque
918 2369 1031 2443 curule,

312 2453 366 2512 Illa
380 2452 533 2513 coronatis
549 2452 610 2513 alta
623 2451 787 2528 triumphat
802 2455 914 2529 equis?

270 2535 401 2597 Finierat
415 2550 510 2596 voces
524 2535 736 2615 Polyhymnia.
765 2536 846 2597 dieta
861 2537 1029 2612 probarunt

315 2620 442 2696 Clioque
457 2627 487 2679 et
501 2635 614 2680 curvae
628 2620 705 2680 scita
720 2619 825 2680 Thalia
839 2622 937 2699 lyrae.

219 2717 253 2770 bt
266 2705 387 2779 Excipit
400 2703 523 2764 Uranie.
554 2704 653 2763 iecere
668 2703 787 2764 silentia
807 2712 943 2776 cunetae,

313 2787 351 2846 Et
366 2801 426 2846 vox
443 2785 540 2845 audiri
554 2786 637 2846 nulla
651 2787 710 2846 nisi
725 2786 776 2846 illa
791 2795 902 2862 potest.

273 2871 396 2946 ‘Magna
410 2869 466 2930 luit
480 2869 634 2944 quondam
649 2871 757 2946 eapitis
773 2869 943 2930 reverentia
958 2868 1038 2944 cani,

315 2956 411 3029 lnque
425 2970 483 3016 suo
500 2955 595 3031 pretio
610 2969 687 3029 ruga
702 2954 808 3014 senilis
823 2960 896 3014 erat.

275 3039 378 3099 Martis
394 3054 472 3113 opus
487 3038 613 3099 iuvenes
628 3038 829 3112 animosaque
842 3036 923 3096 bella
937 3033 1107 3110 gerebant,

224 3130 259 3182 σο
313 3121 351 3184 Et
364 3138 420 3199 pro
436 3122 484 3184 dis
500 3123 627 3183 aderant
642 3122 670 3181 in
688 3123 818 3184 statione
833 3121 908 3181 suis.

271 3205 395 3266 Viribus
411 3206 462 3266 illa
475 3206 574 3268 minor
589 3221 645 3265 nee
659 3205 809 3266 habendis
824 3205 906 3266 utilis
921 3201 1014 3263 armis

317 3288 449 3351 Consilio
466 3289 582 3366 patriae
597 3305 692 3365 saepe
707 3290 823 3350 larebat
838 3296 938 3364 opem.

273 3373 335 3434 Nee
349 3373 407 3434 nisi
422 3381 493 3450 post
507 3387 605 3434 annos
620 3374 716 3449 patuit
731 3381 801 3434 tune
817 3372 901 3432 curia
916 3383 1015 3441 seros,

315 3458 428 3518 Nomen
445 3465 475 3518 et
494 3457 600 3519 aetatis
616 3457 687 3516 mite
705 3463 830 3516 senatus
845 3461 918 3515 erat.
