2450 3932
178 255 220 318 10
575 251 803 314 TRISTIUM

284 406 478 468 Semianimis
492 405 594 466 media
608 404 813 480 procubuisse
829 405 945 466 domoz'

243 490 341 564 thue
355 489 523 550 resurrexit
538 488 669 548 foedatis
685 491 811 564 pulvere
825 489 905 564 turpi

282 573 420 634 crinibus
436 579 466 633 et
479 573 582 648 gelida
596 571 734 631 membra
746 573 860 632 levavit
873 573 976 650 humo,

191 667 226 722 95
243 656 283 718 Sc
297 657 406 732 modo,
422 657 563 718 desertos
578 657 671 717 modo
687 657 899 730 complorasse
913 666 1052 736 penates,

283 742 401 804 Nomen
415 747 446 801 et
460 741 556 817 erepti
572 756 668 816 saepe
680 755 815 800 vocasse
830 741 895 814 viri,

242 827 305 886 Nec
319 824 474 901 gemuisse
487 826 602 900 minus,
618 840 710 898 quarn
724 823 752 884 si
766 831 896 886 nataeve
910 842 1052 888 meumve

282 909 422 970 Vidisset
436 914 568 970 structos
584 924 697 984 corpus
711 907 827 969 habere
840 924 943 985 rogos,

239 993 278 1053 Et
290 993 429 1054 voluisse
443 993 537 1068 mori,
553 992 712 1052 moriendo
727 1008 845 1068 ponere
859 1010 1005 1056 sensus...

180 1085 231 1141 100
285 1078 504 1153 Respectuque
517 1084 620 1138 tamen
634 1092 695 1136 non
712 1078 849 1138 voluisse
863 1079 933 1138 mei.

238 1161 345 1221 Vivatt
361 1166 391 1220 et
404 1159 592 1222 absentem...
609 1161 753 1237 qnoniam
765 1162 809 1222 sic
823 1163 885 1224 fata
898 1163 1061 1224 tulerunt...

282 1246 375 1306 Vivat
389 1252 422 1306 ut
435 1245 548 1307 auxilio
564 1244 818 1364 sublevatasque
833 1261 902 1308 suo

179 1380 222 1472 4·
243 1379 408 1486 Tinguitur
423 1427 539 1472 oceano
556 1419 662 1472 custos
676 1361 916 1492 Erymanthidos
930 1427 1032 1489 ursae,

287 1495 562 1573 Aequoreusque
550 1513 608 1557 suo
625 1497 728 1558 sidere
743 1497 843 1558 turbat
858 1512 966 1571 aquas.

242 1582 306 1640 Nos
321 1585 422 1640 tamen
437 1579 555 1642 Ionium
569 1598 631 1642 non
647 1588 754 1642 nostra
767 1582 911 1642 findimus
927 1595 1045 1657 aequor

284 1663 416 1740 Sponte,
433 1664 490 1725 sed
505 1665 640 1726 audaces
657 1667 794 1741 cogimur
809 1681 881 1727 esse
894 1671 985 1726 metu.

212 1756 228 1808 5
241 1749 290 1809 Me
304 1749 463 1810 miserum!
485 1749 606 1824 quantis
621 1750 797 1826 nigrescunt
811 1766 947 1825 aequora
960 1749 1070 1822 ventiS,

285 1833 441 1908 Erutaque
456 1848 496 1893 cx
510 1833 578 1894 imis
594 1835 692 1895 fervet
706 1850 800 1894 arena
812 1834 913 1894 vadis.

242 1917 346 1978 Monte
360 1933 418 1976 neo
432 1917 558 1976 inferior
573 1934 684 1992 prorae
698 1919 860 1995 puppique
874 1933 1023 1978 recurvae

284 2000 383 2062 Insilit
397 2008 426 2060 θι
440 2000 541 2076 pictos
556 2002 699 2063 verberat
712 2003 795 2063 unda
810 2003 897 2064 deos.

242 2084 336 2145 Pinea
352 2090 436 2144 texta
451 2092 577 2159 sonant,
594 2087 676 2161 pulsi
692 2087 823 2148 stridore
837 2087 993 2162 rudentes,

196 2173 230 2232 ιο
285 2168 430 2243 Adgemit
447 2175 478 2229 et
492 2169 607 2230 nostris
622 2172 693 2247 ipsa
707 2173 811 2232 carina
827 2171 926 2232 malis.

244 2252 368 2325 Navita,
388 2253 550 2314 confessus
570 2255 704 2328 gelidum
725 2257 843 2331 pallore
862 2256 1010 2330 timorem,

284 2337 348 2395 Iam
364 2336 466 2411 sequit
467 2354 503 2396 ur
454 2337 632 2414 t‚victus
650 2355 712 2400 non
726 2341 804 2416 regit
823 2347 887 2400 arte
899 2349 1004 2402 ratem.

243 2421 344 2495 thue
359 2435 469 2494 parum
483 2421 606 2483 validus
622 2439 684 2483 non
703 2424 896 2499 proficientia
910 2431 1013 2485 rector

287 2504 421 2566 Cervicis
441 2506 588 2582 rigidaes
586 2523 660 2567 rena
674 2509 797 2570 remittit
812 2525 903 2585 equo,

196 2596 229 2650 15
246 2588 298 2650 Sic
318 2604 380 2666 quo
402 2607 464 2650 non
483 2591 596 2666 voluit,
618 2592 676 2652 sed
696 2609 758 2668 quo
777 2594 857 2669 rapit
876 2595 1007 2670 impetus
1027 2571 1217 2704 undae}

285 2673 434 2747 Aurigam
452 2673 546 2733 video
567 2675 637 2735 vela
652 2675 779 2737 dedisse
797 2679 865 2738 rati.

244 2755 332 2829 Quod
351 2755 410 2815 nisi
429 2763 560 2819 mutatas
578 2759 712 2820 emiserit
727 2762 844 2822 Aeolus
864 2779 965 2838 auras,

283 2840 317 2899 In
337 2839 430 2899 loca
422 2858 482 2902 ram
498 2842 589 2903 nobis
609 2859 671 2904 non
691 2845 834 2908 adeunda
850 2848 939 2907 ferar.

103 2993 105 2998 Ι
246 2923 321 2982 Nam
340 2926 449 2999 procul
467 2927 580 3005 Illyriis
599 2929 690 2988 laeva
709 2929 749 2990 de
768 2937 855 3006 parte
874 2929 989 2991 reiictis

119 3033 123 3040 ·
195 3015 231 3069 ιο
287 3008 334 3066 int
335 3008 451 3070 erdicta
467 3011 541 3072 mihi
560 3013 694 3074 cernitur
711 3014 807 3074 ltalia.

244 3091 398 3152 Desinat'
390 3110 422 3151 m
441 3111 480 3154 ve
482 3097 551 3157 titas
574 3113 691 3172 quaeso
713 3099 900 3159 contendere
918 3105 1027 3174 terras,

284 3173 323 3234 Et
340 3191 461 3238 mecum
480 3196 591 3256 magno
598 3189 716 3278 ‘pareat
735 3198 811 3243 aura
833 3183 903 3244 deo.

242 3257 322 3318 Dum
338 3258 466 3338 loquor,
487 3270 517 3324 θι
536 3266 626 3341 cupio
647 3267 762 3341 pariter
779 3267 936 3341 timeoque
954 3262 1073 3343 rcvciii,
1189 3255 1217 3346 {²3

284 3343 438 3419 increpuit
458 3349 578 3422 quantis
598 3349 715 3411 viribus
734 3350 818 3411 unda
837 3353 929 3413 latus!
1200 3343 1207 3368 ¹*

193 3423 358 3487 aiParcite
378 3432 510 3492 caerulei
530 3448 587 3492 vos
608 3435 716 3494 saltem
735 3436 857 3496 numina
876 3435 971 3512 ponti,
1188 3417 1217 3520 {n

285 3511 493 3590 infestumque
511 3516 584 3583 mihi
604 3517 644 3579 sit
663 3518 740 3608 satis
760 3535 831 3580 esse
849 3521 966 3581 Iovem.
1188 3525 1193 3546 '⁴

1206 2134 1217 2180 ⁴i
