2394 3940
330 196 371 268 ll,
393 193 428 270 8,
450 193 569 271 47-9,
591 193 642 258 ta.
933 198 989 262 151

118 351 264 427 Quamque
278 355 382 424 potes,
398 348 560 426 profugo...
572 365 641 408 nam
657 356 778 425 potes...
790 351 877 412 adfer
892 367 991 427 opem.

84 437 122 495 lto
136 436 249 495 tortuna
264 433 346 493 tibi...
363 431 401 490 de
416 448 477 506 qua
493 432 577 507 quod
592 450 653 494 non
670 450 794 508 querar,
811 434 869 496 hoa
885 445 961 496 est...

116 517 256 589 Tradidit,
272 517 332 578 hoe
347 530 408 575 uno
425 531 485 576 non
502 516 623 576 inimica
636 517 730 598 mihi„

85 601 183 677 Excipe
197 600 389 675 naufragium
404 614 464 659 non
480 599 556 660 duro
572 599 659 660 litore
674 609 819 676 nostrum,

48 691 72 742 lo
116 686 154 744 Ne
169 685 256 746 luerit
270 689 351 745 terra
365 681 457 743 tutior
471 684 555 744 unda
570 690 630 744 tua.

84 768 178 844 Regia,
194 769 284 828 erede
298 767 388 841 milri,
403 783 454 826 res
470 775 517 828 est
531 783 711 828 succurrere
726 769 831 845 lapsis,

119 852 255 913 Convenit
269 860 299 912 et
312 858 411 925 tanto,
428 859 558 926 quantus
574 867 608 912 es
624 851 707 927 ipse,
722 853 799 914 viro.

84 937 330 998 Fortunamdeoet
343 935 402 998 hoe
417 935 514 995 istam.
544 951 624 1011 quae
637 936 770 998 maxima
784 953 852 998 eum
868 938 914 1012 sit,

118 1021 187 1081 iisse
201 1027 302 1096 potest
317 1021 416 1080 animo
432 1019 485 1078 vix
499 1026 599 1080 tamen
613 1035 713 1094 aequa
729 1027 790 1082 tuo.

50 1117 71 1168 15
84 1104 254 1180 Conspicitur
268 1119 431 1179 numquam
447 1104 573 1164 meliore
588 1105 723 1180 potentia
737 1120 839 1176 eausa,

119 1187 204 1261 Quam
220 1189 361 1264 quotiens
376 1203 473 1249 vanas
489 1203 549 1248 non
566 1188 638 1248 sinit
651 1203 723 1250 esse
738 1204 858 1265 preces.
958 1212 961 1220 ·

84 1272 139 1332 lloo
152 1274 225 1332 nitor
240 1273 297 1332 iste
313 1273 354 1332 tui
368 1272 489 1347 generis
506 1271 670 1332 desiderat.
700 1273 759 1334 hoe
774 1280 821 1334 est

118 1357 142 1414 Α
155 1357 271 1432 superis
287 1362 371 1416 ortae
386 1355 549 1417 nobilitatis
565 1371 654 1432 opus.

84 1439 138 1499 lloo
149 1439 197 1500 tihi
212 1447 242 1502 et
254 1439 438 1516 Eumolpus,
453 1439 574 1515 generis
590 1440 776 1502 clarissimus
792 1447 905 1513 auctor,

50 1530 73 1583 to
114 1523 147 1584 Et
159 1525 238 1600 prior
250 1525 401 1602 Eumolpo
417 1525 527 1585 suadet
539 1524 764 1586 Erichthonius.

82 1607 137 1668 Hoo
150 1615 243 1670 teemn
259 1623 420 1670 commune
436 1609 511 1684 deo,
529 1611 612 1685 quod
626 1616 756 1685 uterque
775 1609 872 1684 rogati

116 1691 302 1769 supplicibus
316 1693 428 1754 vestris
447 1693 526 1754 terre
541 1694 647 1754 soletis
663 1708 762 1768 opem.

81 1774 213 1853 Numquid
227 1777 297 1852 erit,
314 1793 410 1852 quare
425 1778 515 1839 solito
532 1778 691 1852 dignemur
705 1775 823 1837 honore

112 1860 246 1935 Numina,
263 1862 289 1922 si
305 1861 411 1922 denras
425 1862 504 1922 velle
519 1861 626 1922 iuvare
641 1862 739 1920 deost

46 1945 67 1997 to
77 1941 192 2019 luppiter
205 1945 302 2006 oranti
316 1945 428 2006 surdas
443 1946 470 2006 si
486 1944 631 2022 praebeat
645 1945 736 2019 auris,

113 2027 234 2090 Victima
249 2046 305 2105 pro
320 2030 433 2104 templo
449 2045 504 2090 eur
520 2029 610 2089 eadat
624 2029 683 2091 iota
698 2028 802 2090 lovist

82 2109 106 2168 Si
120 2128 216 2185 paoem
230 2115 344 2173 nullam
360 2119 472 2188 pontus
487 2113 561 2173 mihi
577 2118 711 2188 praestet
725 2112 815 2187 eunti,

112 2195 191 2256 lrrita
202 2197 342 2273 Neptuno
358 2212 412 2257 our
426 2212 484 2272 ego
500 2204 566 2257 tura
583 2197 699 2257 leram?

80 2277 152 2338 Vana
164 2279 327 2342 laborantis
342 2281 369 2340 si
385 2281 469 2342 tallat
482 2287 555 2341 vota
570 2281 679 2350 coloni,

47 2367 70 2421 to
110 2363 241 2439 Accipiat
254 2365 401 2440 gravidae
417 2381 472 2426 cur
489 2364 554 2426 suis
572 2371 642 2424 exta
657 2363 771 2424 Ceres?

80 2443 128 2505 lloo
141 2447 221 2507 dabit
235 2448 357 2510 intonso
374 2449 507 2525 iugulum
524 2465 617 2524 caper
631 2446 731 2507 hostia
746 2444 878 2519 Baccho,

111 2529 202 2591 ltlusta
217 2532 273 2592 sub
290 2533 424 2594 adducto
440 2534 466 2594 si
482 2534 561 2609 pede
576 2533 659 2592 nulla
673 2528 776 2589 fluent.

80 2610 174 2673 Caesar
186 2623 219 2676 ut
233 2617 351 2691 imperii
367 2617 540 2678 moderetur
554 2617 639 2676 irena
654 2627 822 2690 precamur,

110 2697 175 2756 Tam
187 2697 267 2758 bene
284 2699 368 2774 quod
383 2699 498 2774 patriae
513 2700 645 2760 consulit
659 2699 709 2758 ille
724 2710 809 2756 suae.

45 2782 67 2836 35
78 2775 176 2842 Utilitas
191 2781 281 2858 igitur
293 2798 424 2857 magnos
439 2781 641 2857 hominesque
655 2782 795 2855 deosque

109 2863 215 2940 dificit,
236 2867 359 2926 auxiliis
375 2881 500 2941 quoque
516 2866 636 2925 favente
652 2865 727 2926 suis.

77 2943 108 3003 lu
122 2965 242 3026 quoque
257 2951 306 3010 lae
322 2950 453 3026 profugo
469 2949 588 3024 prosint
602 2955 653 3009 tua
669 2954 769 3007 eastra
783 2946 902 3020 iacenti,

110 3029 129 3089 0
145 3031 234 3110 Coty,
255 3034 420 3109 progenies
435 3034 527 3108 digna
542 3039 667 3108 parente
683 3038 744 3090 tuo.

77 3110 251 3178 Conveniens
265 3118 381 3178 homini
397 3125 444 3178 est
457 3117 609 3177 hominem
626 3129 751 3176 servare
765 3113 920 3189 voluptas,

45 3194 67 3247 ⁴⁰
108 3196 141 3258 Et
153 3201 260 3261 melius
276 3201 359 3262 nulla
376 3201 532 3278 quaeritur
546 3209 611 3262 arto
626 3200 723 3258 lavor.

78 3275 135 3349 Quis
149 3299 208 3344 non
224 3285 409 3361 Antiphaten
424 3285 637 3362 Laestrygona
652 3283 806 3343 devovet?
819 3287 870 3340 aut
886 3281 953 3356 quis

25 3349 26 3426 i
108 3361 233 3429 liunifiei
249 3385 352 3431 mores
367 3367 518 3444 improbat
531 3368 676 3428 Alcinoi‘t

25 3433 27 3502 l
76 3441 128 3506 lion
142 3450 192 3511 tihi
208 3451 402 3513 Casandreus
418 3458 504 3528 pater
519 3459 566 3512 est
580 3452 719 3527 gentisve
733 3449 896 3519 Pheraeae,
