2450 3932
375 267 428 344 lv,
448 263 484 343 4,
504 263 620 346 ct—o,
640 266 671 332 5.
974 261 1017 332 tt

89 417 169 483 culus
183 419 223 481 ab
241 419 399 495 adloquiis
414 418 516 480 anima
529 417 608 480 baec
623 419 805 482 moribunda
821 420 941 494 reuixit,

122 503 157 566 Ut
170 503 245 579 vigil
262 503 367 565 inlusa
381 503 506 579 pallade
520 501 644 564 flamma
658 504 753 566 solete
1038 509 1042 514 ’

70 587 137 663 toul
149 587 267 649 veritus
282 602 346 648 non
361 603 397 649 es
411 593 520 664 portus
538 587 658 664 aperire
674 588 784 648 fideles

124 669 258 732 dulmine
274 687 445 748 percussae
460 671 700 748 confugiumque
713 671 785 732 ratic

93 753 171 816 tuus
187 770 273 815 eram
288 770 383 816 censu
398 770 460 817 non
474 769 524 814 me
538 769 688 816 sensurus
704 761 851 832 egentem,

125 836 154 899 si
169 836 285 898 caesar
298 838 414 916 patrias
432 837 596 916 eripuisset
611 853 700 916 opes.

93 922 238 997 Temporis
258 921 384 982 oblitum
399 923 472 984 dum
488 937 538 982 me
555 922 638 998 rapit
654 923 786 999 impetus
803 919 903 998 huius,

62 1018 87 1071 11
123 1005 241 1066 Excidit
254 1005 317 1065 heu
327 1021 439 1066 nomen
451 1021 543 1082 quam
556 1007 630 1067 mibi
645 1021 744 1084 paene
759 1010 859 1068 tuumt

93 1088 127 1150 Tu
138 1094 238 1149 tamen
252 1089 409 1166 agnoscis,
442 1095 605 1167 tactusque
620 1090 764 1168 cupidine
777 1090 887 1168 laudis,

126 1173 187 1234 ‘ille
203 1188 263 1250 ego
278 1177 358 1235 sum’
373 1189 503 1251 cuperes
519 1173 622 1234 dicere
638 1189 736 1250 posse
751 1175 862 1250 palam.

94 1255 168 1318 Certe
182 1273 251 1335 ego,
272 1257 301 1318 si
315 1257 444 1333 sineres,
468 1259 585 1320 titulum
600 1257 653 1318 tibi
667 1258 799 1322 reddere
814 1259 933 1336 uellem,

124 1340 157 1402 Et
168 1357 269 1404 raram
283 1343 383 1404 lamae
397 1341 561 1404 conciliare
574 1341 679 1404 tidem.

63 1423 131 1490 ltlle
143 1440 267 1487 noceam
280 1433 367 1502 grato
382 1440 492 1487 vereor
504 1425 559 1486 tibi
573 1427 716 1503 carmine,
738 1439 817 1489 neve

128 1508 357 1586 intempestivus
371 1510 504 1572 nominis
520 1510 622 1573 obstet
635 1511 745 1573 honor.

97 1588 172 1666 Quod
185 1593 254 1654 licet
268 1600 300 1655 et
312 1599 408 1657 tutum
423 1600 480 1672 est,
501 1594 580 1656 intra
593 1601 647 1656 tua
661 1602 786 1670 pectora
799 1594 909 1671 gaude,

127 1675 232 1754 Meque
246 1678 289 1740 tui
303 1693 470 1740 memorem
483 1685 577 1756 teque
591 1679 690 1741 luisse
703 1677 756 1740 tui.

96 1757 181 1836 thue
194 1762 280 1839 iacis,
301 1763 395 1824 remis
409 1762 451 1823 ad
466 1778 558 1839 opem
571 1765 688 1824 luctare
702 1762 867 1838 ferendam,

64 1852 89 1905 tt
127 1843 198 1906 Dum
214 1847 317 1907 veniet
333 1845 457 1923 placido
473 1846 596 1909 mollior
610 1863 686 1908 aura
700 1846 776 1908 deo:

96 1925 126 1986 Et
137 1933 228 1990 tutare
242 1938 335 2008 caput
349 1932 424 1994 nulli
439 1931 601 2008 servabile,
624 1931 652 1992 si
669 1947 732 1992 non

131 2011 180 2087 Qui
191 2015 297 2077 mersit
310 2014 427 2094 Stygia,
451 2015 593 2078 sublevet
607 2015 691 2092 illud,
714 2029 811 2092 aquae

95 2094 193 2171 leque,
216 2099 300 2174 quod
316 2107 491 2176 astrorum,
512 2107 639 2177 praesta
653 2105 828 2162 constanter
842 2101 882 2164 ad
896 2116 985 2166 omne
1045 2162 1051 2172 ‚

127 2178 324 2246 ludeclluatae
338 2199 449 2246 munus
464 2185 626 2247 amicitiae.

62 2258 136 2324 usic
148 2270 197 2328 tua
210 2282 379 2343 processus
392 2267 505 2331 babeat
518 2269 641 2332 fortuna
653 2283 817 2348 perennes,

126 2345 172 2409 Sic
185 2364 245 2427 ope
260 2367 324 2413 aon
338 2368 432 2430 meas
447 2353 526 2432 ipse,
548 2353 702 2430 iuvesque
715 2361 796 2417 tuos.

94 2427 136 2490 Sic
148 2441 255 2512 aequet
269 2442 321 2498 tua
334 2443 431 2514 nupta
444 2437 543 2499 virum
557 2436 694 2500 bonitate
705 2437 842 2515 pereuni,

125 2515 236 2579 incidat
249 2525 280 2580 et
293 2527 399 2583 vestra
412 2536 483 2582 rara
498 2521 636 2598 querella
651 2527 730 2584 toro.

90 2595 187 2676 Diligat
199 2608 229 2662 et
242 2619 367 2681 semper
380 2605 486 2666 sacius
502 2605 541 2666 de
556 2606 716 2682 sanguinis
731 2605 793 2681 illo,

60 2684 84 2740 11
125 2682 184 2758 Quo
199 2685 269 2763 pius
285 2688 399 2751 affectu
415 2687 542 2750 castora
556 2690 650 2751 irater
663 2696 754 2753 amat

90 2762 132 2826 Sic
144 2767 261 2833 iuvenis
275 2773 447 2848 similisque
460 2771 515 2835 tibi
529 2773 569 2836 sit
582 2780 689 2852 natus,
712 2780 743 2837 et
755 2773 838 2836 illum

69 2862 74 2875 ·
122 2849 253 2918 lloribus
269 2862 419 2932 agnoscat
433 2847 560 2934 quilibet
575 2872 648 2920 esse
661 2864 756 2921 tuum.

90 2929 131 2993 Sic
143 2937 232 2999 faciat
246 2955 389 3003 socerum
402 2942 494 3002 taeda
507 2946 538 3001 te
552 2948 624 3002 nata
636 2941 740 3019 iugali,

122 3017 178 3082 Nec
192 3023 311 3086 turdum
326 3024 429 3088 iuveni
443 3025 496 3087 det
508 3023 562 3086 tibi
576 3040 690 3088 nomen
705 3026 771 3088 avit

395 3135 601 3147 ——

50 3139 75 3234 fi·
88 3144 231 3265 lempna
243 3191 397 3254 ruricolae
410 3194 531 3270 patiens
546 3195 580 3257 fit
594 3202 700 3258 taurus
715 3199 816 3273 aratri,

118 3268 240 3336 Praebet
254 3283 284 3338 et
297 3276 425 3340 incurvo
442 3280 522 3342 colla
535 3279 705 3356 premenda
719 3279 802 3356 iugo.

85 3350 216 3433 Tempore
230 3367 320 3438 paret
332 3379 433 3438 equus
447 3363 537 3426 lentis
552 3365 710 3426 animosus
725 3363 865 3444 habenis,

116 3436 149 3500 iit
162 3442 283 3519 placido
299 3446 395 3508 duros
409 3447 522 3525 accipit
536 3465 589 3511 ore
601 3449 704 3525 lupos.

70 3516 217 3602 elempare
229 3529 403 3596 Poenorum
419 3533 624 3611 compescitur
637 3533 682 3594 ira
696 3534 827 3651 leonum,
