2450 3932
336 257 373 334 ιι,
395 254 550 335 cos-111,
573 259 601 335 t,
625 255 676 322 ot.
971 227 1015 328 o·

24 411 25 416 ’
128 412 255 473 Molliter
268 410 299 470 in
316 411 414 487 patria
428 411 533 470 vivere
547 426 643 487 posse
658 419 720 473 tna.

59 498 150 558 telino
163 500 233 572 agel
269 509 403 569 namque
418 510 546 570 sequar,
566 497 707 572 quamvis
722 504 864 576 terraque
878 498 1014 574 marique

128 579 305 655 Longinquo
320 579 451 640 reierom
465 581 567 640 lassus
583 579 621 640 ab
637 581 711 642 orbe
726 583 859 658 pedem!

95 664 197 736 Paruit,
213 670 243 723 el
257 664 376 724 ducens
399 664 493 725 ‘Haeo
508 671 579 724 sunt
593 666 661 725 lora
675 665 836 741 caesaris,’
853 666 949 742 inquit

128 747 217 808 ‘Haec
233 755 282 807 est
296 762 315 806 n
328 747 427 808 sacris
440 763 520 822 quae
535 749 585 808 via
600 765 711 810 nomen
725 749 826 823 habet,

94 831 141 890 iiic
154 832 238 892 locus
254 837 302 892 esl
317 831 446 905 Vestae,
463 831 515 906 qui
529 831 654 892 Pallada
668 841 771 894 servat
785 841 815 893 et
828 833 937 909 ignem,

60 923 86 976 io
129 915 182 975 Hie
197 915 252 976 luit
265 915 383 993 antiqui
399 915 483 990 regia
497 931 595 992 parva
608 915 748 978 Numae?

93 998 157 1059 lnde
172 1006 279 1074 patens
294 999 432 1060 dextram
453 998 554 1060 ‘Porta
568 1003 626 1061 csl’
642 1001 684 1061 ait
698 1001 770 1062 ‘ista
782 1001 886 1075 Palati,
960 1007 979 1032 '

126 1083 179 1143 ilie
194 1081 311 1158 Stator,
328 1082 388 1143 hoe
403 1083 534 1159 primum
550 1083 675 1146 condita
687 1085 787 1147 Roma
801 1085 871 1147 ioco
886 1090 956 1146 est'

94 1165 207 1241 Singula
222 1168 296 1228 dum
311 1167 418 1242 miror,
433 1166 525 1227 video
540 1167 726 1243 fulgentibus
741 1169 834 1230 annis

126 1251 314 1326 conspicuos
329 1258 436 1326 postes
452 1256 593 1326 tectaque
608 1252 701 1329 digna
716 1254 786 1314 deo.

59 1341 82 1394 tt
94 1333 133 1392 ‘iit
142 1334 222 1396 lovis
235 1335 325 1395 haeo'
336 1335 399 1394 dixi
411 1335 534 1395 ‘domus
547 1339 626 1396 esti’
643 1337 727 1412 quod
737 1344 770 1398 ut
781 1353 852 1398 esse
865 1345 1010 1414 putarem,

123 1419 290 1494 Augurium
305 1419 394 1480 menti
412 1434 528 1495 querna
543 1434 658 1480 corona
673 1421 775 1483 dabat.

94 1500 173 1561 cuius
187 1508 219 1562 ut
232 1502 342 1578 accepi
357 1503 528 1579 dontinum,
549 1503 628 1565 ‘Non
643 1505 786 1567 lallimur’
802 1506 926 1582 inquam

126 1585 171 1645 ‘lit
182 1585 286 1662 magni
303 1601 407 1647 verum
421 1593 469 1648 est
483 1586 563 1648 hanc
577 1588 659 1649 lovis
674 1604 747 1650 asse
762 1590 895 1651 domum.

95 1667 143 1728 Cur
155 1676 255 1730 tamen
270 1671 416 1746 apposita
429 1671 548 1732 velatur
561 1671 652 1732 ianua
667 1672 764 1748 lauro,

59 1760 84 1813 it
126 1753 218 1829 cingit
232 1759 264 1816 et
278 1761 425 1830 augustas
446 1754 538 1816 arbor
553 1770 652 1832 opaea
666 1764 796 1817 nomast

92 1835 156 1897 lium
170 1837 242 1914 quia
258 1846 425 1916 perpetuos
438 1839 549 1901 meruit
562 1839 673 1899 domus
688 1840 747 1901 ista
760 1839 941 1917 triumphos,

24 1929 25 1938 ¹
121 1921 164 1981 An
179 1922 253 1998 quin
266 1923 422 1984 Leucadio
438 1939 561 1999 semper
574 1929 675 1984 amata
689 1923 748 1986 deo
764 1929 833 1985 esti

91 2004 189 2078 lpsana
203 2006 290 2082 quod
306 2008 384 2066 testo
398 2015 459 2082 cst,
476 2024 515 2069 an
530 2008 615 2082 quod
630 2008 703 2070 iacit
717 2008 819 2071 omnia
834 2009 933 2071 instat

124 2088 213 2162 Quam
228 2089 333 2151 tribuit
346 2091 452 2165 terris,
467 2092 554 2167 pacis
570 2108 609 2151 an
623 2091 684 2153 ista
698 2100 770 2154 nola
785 2100 853 2155 esti

57 2181 79 2230 a
91 2171 178 2248 thue
191 2172 270 2234 viret
284 2189 408 2251 semper
422 2175 525 2236 laurus
541 2190 597 2236 neo
611 2176 721 2238 ironda
736 2178 853 2238 caduca

124 2255 272 2334 Carpitur,
291 2267 448 2320 aeternum
462 2259 509 2319 sie
522 2258 615 2320 habet
629 2260 680 2321 illa
694 2261 813 2322 deensi

91 2338 177 2401 Causa
190 2343 409 2420 superpositae
424 2343 539 2420 scripto
553 2349 682 2405 testante
697 2359 831 2406 coronae

124 2423 268 2487 Servatos
284 2427 369 2487 cives
385 2426 499 2486 indicat
513 2426 605 2488 huius
622 2443 692 2504 ope.

89 2507 176 2568 Adice
189 2510 321 2570 servatis
335 2526 444 2586 unum,
460 2517 548 2586 pater
561 2511 691 2586 optime,
710 2511 818 2584 civem,

54 2597 78 2647 tt
121 2591 172 2665 Qui
187 2595 296 2669 procul
312 2601 449 2655 extremo
464 2595 572 2671 pulsus
588 2595 619 2654 in
634 2593 709 2654 orba
723 2595 809 2655 latet=

87 2673 115 2733 lo
128 2691 186 2749 quo
201 2693 488 2753 poenarumque
503 2694 539 2739 se
553 2678 704 2740 meruisse
719 2680 837 2752 latetur,

119 2757 183 2820 Non
199 2761 319 2822 lacinus
334 2776 477 2838 causam,
491 2763 549 2823 sed
563 2779 640 2824 suus
656 2779 742 2824 error
755 2762 857 2824 habet.

86 2839 128 2902 lile
140 2842 301 2906 miserum!
321 2861 495 2935 vereorque
508 2847 610 2906 locum
624 2862 796 2922 vereorque
811 2852 976 2924 potentem,

116 2925 151 2988 lit
165 2931 300 3003 quatitur
314 2920 434 3005 trepido
450 2929 549 2990 littera
562 2936 669 2991 nostra
683 2938 775 2991 metu.

52 3006 200 3085 conspicis
216 3013 348 3089 exangui
363 3013 497 3074 oiiartam
512 3014 628 3088 pallere
643 3015 769 3076 coloret

118 3093 243 3171 Aspicis
258 3098 393 3158 alternos
408 3097 602 3158 intremuisse
618 3099 737 3174 pedest

86 3174 353 3257 Quandocumque,
369 3196 494 3258 precor,
509 3188 616 3241 nostro
632 3183 754 3256 placata
769 3183 886 3259 parenti

25 3263 27 3330 ζ
118 3261 220 3324 isdem
234 3265 292 3325 sub
309 3265 441 3326 dominis
462 3265 614 3341 aspiciare
629 3267 768 3327 domust’

86 3343 152 3405 Inde
165 3353 273 3409 tenore
290 3349 356 3425 pari
370 3349 518 3425 gradibus
534 3349 676 3410 sublimia
690 3351 781 3410 celsis

26 3427 77 3482 il
118 3429 221 3492 lincor
235 3433 275 3492 ad
290 3433 404 3495 intonsi
420 3434 552 3495 candido
566 3435 680 3510 templa
693 3435 752 3507 dci,

26 3507 170 3588 Signa
186 3517 358 3593 peregrinis
371 3517 425 3580 ubi
440 3525 511 3578 sont
524 3518 642 3578 alterna
655 3516 805 3578 columnis
