2450 3932
354 235 384 308 l,
409 231 444 308 5,
467 233 588 309 36-6,
611 235 663 300 26.

114 387 269 448 Adsuetus
291 385 402 446 studiis
416 385 560 447 mollibus
580 386 649 462 ipse
665 389 719 449 iui.

17 539 18 542 ,
41 480 69 536 tt
79 471 122 531 Me
139 472 214 531 deus
229 468 401 548 oppressit,
416 469 500 529 nullo
514 472 595 529 mala
609 480 715 533 nostra
726 473 860 535 levante=

117 554 258 616 Bellatrix
272 555 316 614 illi
332 552 404 613 diva
418 553 536 614 terebat
550 570 649 629 opem.

79 640 206 714 cumque
220 639 322 700 minor
334 637 409 697 Iove
424 637 464 697 sit
475 637 600 699 tumidis
616 640 669 714 qui
683 648 790 716 regnat
803 642 835 703 in
848 643 950 720 undis,

17 719 18 728 ’
112 724 196 782 litum
208 720 359 798 Neptuni,
373 736 423 780 me
437 721 520 782 Iovis
535 721 581 782 iro
595 723 713 797 premit.

78 807 177 882 Adde,
195 807 280 882 quod
295 805 377 867 iltius
391 820 463 880 pars
479 804 612 865 maxima
626 806 697 867 fieta
711 806 848 868 laborum
864 817 920 886 est,

40 896 68 952 tto
114 890 236 952 Ponitur
250 891 281 950 in
297 889 411 950 nostris
427 888 529 950 fabula
543 890 627 950 nulia
641 891 739 952 mutis.

77 975 207 1051 Denique
221 975 380 1049 quaesitos
395 974 490 1049 tetigit
504 980 605 1033 tarnen
619 975 668 1036 itte
683 982 822 1053 penates,

115 1058 261 1135 Quaeque
276 1059 329 1120 diu
342 1057 441 1137 petiit,
462 1055 587 1133 contigit
599 1073 673 1119 arva
693 1067 807 1120 tamen=

77 1141 114 1202 At
125 1143 196 1202 mihi
210 1151 361 1219 perpetuo
379 1140 477 1220 patria
491 1141 600 1202 tellure
619 1143 783 1203 carendum
797 1151 852 1220 est,

113 1227 147 1286 Ni
162 1227 252 1287 tuerit
265 1228 343 1288 laesi
357 1223 477 1289 mollior
490 1225 537 1286 ira
551 1225 609 1285 dei.
633 1225 635 1230 '

34 1357 67 1455 fi·
82 1356 145 1454 Nee
164 1401 279 1456 mutum
294 1395 394 1456 Clario
408 1397 495 1474 Lyde
510 1397 621 1458 dilecta
635 1404 754 1473 poetae,

119 1478 178 1539 Nec
196 1485 313 1540 tantum
328 1479 392 1540 Coo
406 1481 495 1542 Bittis
510 1487 611 1542 ainata
625 1497 683 1542 suo
698 1487 755 1556 est,

78 1560 248 1624 Pectoribus
263 1571 408 1638 quantum
422 1571 456 1627 tu
468 1566 597 1642 nostris,
617 1581 710 1638 uxor,
731 1565 882 1639 inhaeres,

117 1647 213 1724 Digna
230 1647 331 1710 minus
346 1649 475 1723 misero,
492 1666 555 1711 non
566 1649 692 1710 metiore
706 1649 783 1711 viro.

59 1731 118 1792 tie
131 1748 199 1792 mea
212 1732 377 1808 supposita
390 1732 483 1795 veluti
497 1734 583 1794 nabe
599 1733 673 1793 tutta
686 1733 773 1792 ruina
790 1741 853 1794 est:

117 1815 223 1892 Siquid
239 1815 341 1877 adhuc
356 1833 414 1892 ego
429 1834 513 1894 sum,
527 1817 662 1878 muneris
678 1832 768 1877 omne
782 1817 825 1876 tui
839 1823 896 1875 est.

83 1901 121 1959 iu
133 1901 223 1975 tacis,
237 1907 272 1961 ut
285 1901 419 1977 spolium
437 1917 500 1962 non
515 1903 588 1976 sim,
603 1915 660 1960 nec
674 1899 772 1959 nuder
786 1900 824 1960 ab
840 1899 909 1975 iltis,

118 1984 270 2060 Naufragii
284 1985 405 2046 tabulas
420 1987 472 2061 qui
489 1985 605 2061 potiere
618 1985 688 2044 mei.

84 2067 176 2144 thue
189 2085 290 2144 rapax
304 2070 477 2130 stimulante
496 2070 576 2130 tame
589 2069 784 2144 cupidusque
799 2066 916 2130 cruoris

45 2159 72 2211 lo
113 2153 332 2214 incustoditum
347 2160 449 2230 captat
463 2155 543 2215 ovile
559 2154 662 2230 lupus,

82 2237 136 2296 Aut
146 2244 180 2298 ut
194 2237 275 2298 edax
292 2239 392 2298 vultur
403 2255 517 2314 corpus
533 2237 737 2314 circumspicit
751 2236 873 2312 ecquod

118 2319 179 2380 Sub
194 2321 278 2382 nulia
299 2322 434 2397 positum
449 2338 575 2384 cornere
590 2323 690 2398 possit
705 2320 808 2394 humo,

82 2401 126 2465 Sic
138 2420 207 2464 mea
218 2405 327 2466 nescio
344 2407 430 2482 quis,
444 2407 536 2468 rebus
552 2405 727 2466 malefidus
742 2403 871 2477 acerbis,

114 2489 147 2548 ln
159 2489 243 2550 bona
255 2497 421 2566 venturus,
438 2491 465 2551 si
480 2496 634 2566 paterere,
656 2487 720 2547 tuit.

45 2578 71 2630 15
82 2571 160 2632 Hunc
174 2579 226 2633 tua
240 2589 299 2651 per
314 2576 409 2635 fortes
424 2575 520 2636 virtus
535 2572 700 2634 summovit
715 2571 840 2644 amicos

114 2656 200 2717 Nulla
214 2658 328 2734 quibus
347 2659 435 2720 reddi
451 2660 548 2734 gratia
565 2658 658 2732 digna
678 2663 788 2731 potest.

78 2739 151 2814 Ergo
165 2758 257 2816 quarn
272 2743 402 2815 misero,
420 2749 482 2803 tam
497 2759 571 2803 vero
588 2749 665 2802 teste
681 2739 832 2816 probaris,

114 2823 169 2884 Hie
182 2826 310 2900 aliquod
324 2827 448 2901 pondus
463 2827 596 2887 simodo
612 2826 698 2885 testis
718 2823 819 2884 habet.

81 2905 137 2966 Nee
151 2909 300 2982 probitate
314 2918 367 2970 tua
381 2912 466 2987 prior
483 2918 530 2972 est
544 2918 597 2971 aut
610 2909 750 2969 Hectoris
766 2921 853 2981 uxor,

17 3017 19 3070 ;
45 2997 72 3048 to
114 2991 175 3052 Aut
188 3009 292 3054 comes
309 2995 442 3055 extincto
458 2996 625 3055 Laodamia
638 2994 715 3054 viro.

80 3072 116 3132 Tu
131 3075 157 3134 si
171 3075 347 3139 Maeonium
365 3087 466 3140 vatem
482 3081 590 3140 sortita
605 3075 729 3150 fuisses,

114 3157 285 3237 Penelopes
301 3170 385 3223 esset
401 3165 481 3224 tanta
496 3164 634 3224 secunda
652 3169 737 3223 tuae=
878 3231 889 3256 Ι

79 3239 144 3302 Sive
156 3243 210 3305 tibi
227 3246 289 3308 hoc
304 3246 416 3322 debes,
431 3248 515 3308 nulia
530 3248 580 3323 pia
595 3248 676 3307 sacta
689 3243 844 3321 magistra,

17 3277 19 3404 i
117 3327 251 3404 Cumque
265 3348 350 3395 nova
367 3347 469 3392 mores
484 3339 556 3393 sunt
571 3331 622 3391 tibi
637 3331 707 3390 tuce
722 3327 794 3401 dati,

17 3413 18 3416 ’
45 3409 198 3472 cremina
212 3431 271 3476 seu
285 3417 431 3493 princeps
451 3433 558 3478 ornnes
573 3414 626 3475 tibi
642 3417 721 3475 culta
736 3429 793 3488 per
804 3425 902 3473 annos

114 3498 156 3555 Te
170 3497 263 3559 docet
278 3501 452 3574 exemplum
469 3500 607 3576 coniugis
624 3515 695 3559 esse
708 3496 818 3570 bonae,
