2450 3932
364 203 423 280 1v,
446 203 482 284 e,
503 202 602 283 4-9,
625 204 667 268 ao

141 361 206 435 Qua
220 357 315 420 maris
330 357 442 418 Euxini
459 365 538 418 terra
550 358 673 421 sinistra
688 357 787 420 iacet?

95 445 182 504 Haec
195 442 268 503 mihi
283 441 312 503 si
325 441 436 519 Delphi
450 441 643 518 Dodonaque
657 443 773 505 diceret
786 443 866 523 ipse,

139 528 220 587 Esse
233 526 392 586 videretur
403 541 502 587 vanus
517 533 647 601 uterque
661 527 758 589 locus.

45 619 78 673 45
92 611 141 672 Nil
156 611 237 672 adeo
251 610 390 671 validum
404 616 467 684 est,
483 609 609 672 adamas
623 611 694 672 lieet
708 611 811 688 alliget
824 613 909 690 illud,

136 695 177 756 Ut
191 702 315 756 maneat
333 691 444 771 rapido
464 693 580 756 firmius
592 694 663 772 igne
676 695 773 757 lovis.
801 749 803 754 .

94 779 143 840 Nil
158 779 201 840 ita
215 777 347 838 sublime
361 783 410 838 est
424 793 580 856 supraque
594 779 732 855 pericula
746 780 850 855 tendit,

138 862 207 924 Non
221 863 309 923 situl
322 862 451 923 inferius
466 863 724 941 suppositumque
739 863 809 924 deo.

94 947 173 1007 Nam
188 961 375 1023 quamquam
390 946 463 1007 vitio
478 963 552 1023 pars
569 953 617 1009 est
631 953 786 1010 contracta
798 946 955 1024 malorum,

48 1037 81 1093 hu
130 1030 204 1093 Plus
217 1037 319 1092 minen
333 1030 417 1092 exitii
432 1030 564 1092 numinis
578 1032 623 1092 ira
637 1030 730 1093 dedit

95 1116 139 1176 At
152 1131 211 1176 vos
225 1114 374 1175 admoniti
389 1116 502 1176 nostris
518 1131 642 1193 quoque
657 1115 782 1178 casibus
796 1122 871 1189 este,

138 1199 335 1275 Aequantem
350 1214 481 1275 superos
497 1201 665 1262 emeruisse
679 1199 787 1262 virum.

37 1333 75 1430 9.
96 1331 136 1430 Si
154 1372 226 1432 licet
239 1378 270 1432 et
284 1371 416 1448 pateris,
432 1388 543 1433 nomen
560 1374 742 1454 facinusque
756 1378 875 1454 tacebo,

141 1455 180 1517 Et
192 1463 246 1518 tua
259 1456 402 1524 Lethaeis
418 1463 486 1518 actu
500 1455 651 1521 dabuntur
666 1461 765 1537 aquis,

94 1539 270 1617 Nostraque
285 1541 424 1604 vincetur
436 1539 568 1604 lacrimis
583 1544 743 1606 clementia
756 1545 849 1605 sarisa

136 1625 200 1686 Fac
219 1625 328 1701 modo,
343 1634 374 1689 te
389 1633 492 1704 pateat
505 1629 694 1705 paenituisse
708 1629 761 1690 tui.

68 1719 84 1772 5
96 1711 160 1772 Fac
173 1711 281 1786 modo,
299 1717 330 1772 te
345 1711 472 1773 damnes
487 1711 659 1790 cupiasque
673 1714 801 1775 eradere
814 1711 895 1774 vitoe

136 1797 304 1874 Tempora,
321 1795 347 1857 si
362 1797 482 1873 possis,
497 1797 684 1874 Tisiphonea
697 1805 778 1858 tuae.

97 1879 151 1940 Sin
166 1881 282 1954 minus,
299 1887 331 1941 et
343 1879 476 1956 flagrant
488 1880 561 1943 odio
576 1888 628 1944 tua
641 1889 768 1958 pectora
782 1889 897 1958 nostro,

136 1965 248 2027 Induet
262 1964 368 2025 infelix
382 1981 466 2026 arma
481 1972 590 2027 coacta
604 1967 702 2030 dolor.

96 2049 161 2110 Sim
175 2049 247 2110 lieet
260 2057 445 2127 extremum,
465 2049 544 2112 sieut
559 2067 644 2128 sum,
660 2050 775 2113 missus
791 2050 821 2112 in
840 2050 954 2127 orbem,

50 2145 84 2200 lo
134 2134 247 2196 Nostra
268 2151 342 2196 suas
358 2134 437 2195 istuc
452 2135 587 2210 porriget
602 2135 647 2196 ira
662 2152 781 2199 manus.

97 2217 221 2294 Omnia,
237 2217 263 2279 si
279 2219 399 2295 neseis,
418 2218 532 2280 Caesar
547 2217 620 2279 mihi
635 2217 703 2282 iura
719 2220 849 2296 reliquit,

136 2301 176 2363 Et
190 2303 257 2363 sola
273 2309 322 2364 est
335 2302 434 2378 patria
450 2318 553 2379 poena
568 2317 673 2364 curere
688 2321 766 2365 mea.

96 2385 133 2446 Et
147 2385 290 2462 patriam,
305 2386 400 2448 modo
416 2383 460 2447 sit'
472 2401 599 2464 sospes,
617 2402 777 2462 speramus
794 2385 832 2449 ab
850 2387 912 2447 illo.

140 2469 240 2545 Saepe
255 2470 339 2531 lovis
356 2470 418 2531 telo
437 2486 568 2546 quereus
587 2471 699 2532 adusta
716 2473 804 2532 viret.

50 2563 82 2615 15
95 2553 232 2628 Denique
245 2553 401 2614 vindictae
417 2553 444 2614 si
460 2554 500 2616 sit
516 2553 588 2615 mihi
607 2555 691 2615 nulla
707 2555 844 2631 facultas,

135 2635 272 2698 Pierides
291 2637 375 2700 vires
392 2643 423 2698 et
439 2653 496 2700 sua
511 2639 572 2700 tela
587 2638 711 2701 dabunt.

98 2720 185 2795 Quod
200 2719 356 2800 Scythicis
371 2721 506 2784 habitem
521 2724 613 2799 longe
628 2730 799 2784 summotus
816 2722 846 2782 in
863 2721 935 2798 oris,

136 2803 289 2881 Siccaque
304 2805 366 2866 sint
384 2807 482 2868 oculis
500 2806 640 2883 proxima
657 2807 853 2883 signensis:

97 2887 207 2950 Nostra
223 2904 282 2964 per
297 2889 454 2951 inmensas
471 2891 557 2952 ibunt
573 2892 739 2966 praeconia
754 2897 871 2967 gentes,

49 2981 83 3034 lo
132 2971 285 3048 Quodque
303 2989 430 3049 querar,
447 2981 551 3035 notum
569 2990 629 3048 qua
645 2981 729 3050 patet
744 2974 842 3049 orbis,
862 2973 928 3035 erit

95 3054 151 3116 lbit
167 3055 208 3116 ad
225 3072 373 3118 occasum
389 3058 535 3134 quicquid
554 3057 704 3133 dicemus,
722 3058 761 3119 ab
778 3064 855 3135 ortu,

7 3155 9 3180 ³
132 3140 233 3201 Testis
249 3148 280 3202 et
295 3141 459 3217 hesperiae
473 3141 562 3204 vocis
577 3157 653 3203 eous
669 3143 734 3202 erit.

94 3221 190 3284 Trans
208 3239 268 3300 ego
284 3225 439 3302 tellurem,
454 3233 538 3288 trans
556 3226 634 3286 altas
650 3227 759 3287 audiar
773 3226 883 3300 undas,

7 3373 8 3390 ᾖ
131 3307 172 3369 Et
186 3308 319 3384 gemitus
335 3326 397 3370 vox
413 3318 461 3371 est
475 3325 586 3387 magna
601 3310 701 3371 iutura
715 3310 784 3370 mei.
893 3325 895 3330 ·

48 3396 79 3450 25
90 3390 153 3452 Nee
168 3398 221 3454 tua
239 3397 270 3454 te
287 3401 408 3455 sontem
421 3392 631 3456 tantummodo
648 3393 773 3457 saecula
788 3391 905 3454 norintr

130 3475 306 3553 Perpetuae
324 3479 436 3540 crimen
452 3476 638 3556 posteritatis
655 3479 726 3546 eris.
