<?xml version="1.0" encoding="UTF-8"?>
<!DOCTYPE html PUBLIC "-//W3C//DTD XHTML 1.0 Transitional//EN"
    "http://www.w3.org/TR/xhtml1/DTD/xhtml1-transitional.dtd">
<html xmlns="http://www.w3.org/1999/xhtml" xml:lang="en" lang="en">
 <head>
  <title>
</title>
<meta http-equiv="Content-Type" content="text/html;charset=utf-8" />
  <meta name='ocr-system' content='tesseract 3.04.00' />
  <meta name='ocr-capabilities' content='ocr_page ocr_carea ocr_par ocr_line ocrx_word'/>
</head>
<body>
  <div class='ocr_page' id='page_1' title='image "./povidiusnaso00goog_0094.png"; bbox 0 0 2394 3940; ppageno 0'>
   <div class='ocr_carea' id='block_1_1' title="bbox 366 105 664 186">
    <p class='ocr_par' dir='ltr' id='par_1_1' title="bbox 366 105 664 186">
     <span class='ocr_line' id='line_1_1' title="bbox 366 105 664 186; baseline 0.013 -20"><span class='ocrx_word' id='word_1_1' title='bbox 366 107 405 180; x_wconf 87' lang='lat' dir='ltr'>v,</span> <span class='ocrx_word' id='word_1_2' title='bbox 428 105 664 186; x_wconf 80' lang='lat'>4,17-5,41.</span> 
     </span>
    </p>
   </div>
   <div class='ocr_carea' id='block_1_2' title="bbox 62 258 1013 3498">
    <p class='ocr_par' dir='ltr' id='par_1_2' title="bbox 62 258 1013 3498">
     <span class='ocr_line' id='line_1_2' title="bbox 126 258 783 336; baseline -0.003 -12"><span class='ocrx_word' id='word_1_3' title='bbox 126 262 237 324; x_wconf 77' lang='lat' dir='ltr'>Forsan</span> <span class='ocrx_word' id='word_1_4' title='bbox 252 258 283 319; x_wconf 92' lang='lat' dir='ltr'>in</span> <span class='ocrx_word' id='word_1_5' title='bbox 296 265 435 319; x_wconf 83' lang='lat' dir='ltr'>extremo</span> <span class='ocrx_word' id='word_1_6' title='bbox 449 259 588 336; x_wconf 83' lang='lat' dir='ltr'>coniugis</span> <span class='ocrx_word' id='word_1_7' title='bbox 603 260 679 322; x_wconf 91' lang='lat' dir='ltr'>orbe</span> <span class='ocrx_word' id='word_1_8' title='bbox 692 263 783 324; x_wconf 89' lang='lat' dir='ltr'>diem.</span> 
     </span>
     <span class='ocr_line' id='line_1_3' title="bbox 77 343 899 424; baseline -0.001 -12"><span class='ocrx_word' id='word_1_9' title='bbox 77 347 200 424; x_wconf 79' lang='lat' dir='ltr'>elingue</span> <span class='ocrx_word' id='word_1_10' title='bbox 214 346 322 405; x_wconf 81' lang='lat' dir='ltr'>favens</span> <span class='ocrx_word' id='word_1_11' title='bbox 338 343 423 418; x_wconf 87' lang='lat' dir='ltr'>assit,</span> <span class='ocrx_word' id='word_1_12' title='bbox 445 351 619 405; x_wconf 89' lang='lat' dir='ltr'>nostrorum</span> <span class='ocrx_word' id='word_1_13' title='bbox 631 346 729 408; x_wconf 84' lang='lat' dir='ltr'>oblita</span> <span class='ocrx_word' id='word_1_14' title='bbox 742 350 899 424; x_wconf 88' lang='lat' dir='ltr'>malorum,</span> 
     </span>
     <span class='ocr_line' id='line_1_4' title="bbox 127 427 878 511; baseline 0.004 -19"><span class='ocrx_word' id='word_1_15' title='bbox 127 432 212 507; x_wconf 79' lang='lat' dir='ltr'>Quae,</span> <span class='ocrx_word' id='word_1_16' title='bbox 236 435 321 506; x_wconf 86' lang='lat' dir='ltr'>puto,</span> <span class='ocrx_word' id='word_1_17' title='bbox 344 427 491 489; x_wconf 84' lang='lat' dir='ltr'>dedidicit</span> <span class='ocrx_word' id='word_1_18' title='bbox 504 428 564 488; x_wconf 90' lang='lat' dir='ltr'>iam</span> <span class='ocrx_word' id='word_1_19' title='bbox 581 429 662 492; x_wconf 91' lang='lat' dir='ltr'>bonu</span> <span class='ocrx_word' id='word_1_20' title='bbox 675 431 771 492; x_wconf 89' lang='lat' dir='ltr'>verba</span> <span class='ocrx_word' id='word_1_21' title='bbox 784 434 878 511; x_wconf 87' lang='lat' dir='ltr'>loqui.</span> 
     </span>
     <span class='ocr_line' id='line_1_5' title="bbox 95 513 862 592; baseline 0.004 -16"><span class='ocrx_word' id='word_1_22' title='bbox 95 517 225 592; x_wconf 80' lang='lat' dir='ltr'>Quaeque</span> <span class='ocrx_word' id='word_1_23' title='bbox 239 513 335 574; x_wconf 90' lang='lat' dir='ltr'>semel</span> <span class='ocrx_word' id='word_1_24' title='bbox 349 519 414 574; x_wconf 86' lang='lat' dir='ltr'>toto</span> <span class='ocrx_word' id='word_1_25' title='bbox 429 513 525 574; x_wconf 90' lang='lat' dir='ltr'>vestis</span> <span class='ocrx_word' id='word_1_26' title='bbox 540 514 614 574; x_wconf 90' lang='lat' dir='ltr'>mihi</span> <span class='ocrx_word' id='word_1_27' title='bbox 629 516 757 578; x_wconf 83' lang='lat' dir='ltr'>sumitur</span> <span class='ocrx_word' id='word_1_28' title='bbox 771 535 862 592; x_wconf 86' lang='lat' dir='ltr'>anno,</span> 
     </span>
     <span class='ocr_line' id='line_1_6' title="bbox 128 597 688 662; baseline -0.004 0"><span class='ocrx_word' id='word_1_29' title='bbox 128 599 264 662; x_wconf 81' lang='lat' dir='ltr'>Sumatur</span> <span class='ocrx_word' id='word_1_30' title='bbox 278 597 349 657; x_wconf 84' lang='lat' dir='ltr'>latis</span> <span class='ocrx_word' id='word_1_31' title='bbox 365 597 502 659; x_wconf 84' lang='lat' dir='ltr'>discolor</span> <span class='ocrx_word' id='word_1_32' title='bbox 516 597 586 658; x_wconf 86' lang='lat' dir='ltr'>elba</span> <span class='ocrx_word' id='word_1_33' title='bbox 601 600 688 660; x_wconf 89' lang='lat' dir='ltr'>meis.</span> 
     </span>
     <span class='ocr_line' id='line_1_7' title="bbox 94 682 762 761; baseline 0 -15"><span class='ocrx_word' id='word_1_34' title='bbox 94 687 203 760; x_wconf 81' lang='lat' dir='ltr'>uroque</span> <span class='ocrx_word' id='word_1_35' title='bbox 217 682 375 758; x_wconf 79' lang='lat' dir='ltr'>gramineo</span> <span class='ocrx_word' id='word_1_36' title='bbox 390 682 499 743; x_wconf 87' lang='lat' dir='ltr'>viridis</span> <span class='ocrx_word' id='word_1_37' title='bbox 514 683 553 742; x_wconf 89' lang='lat' dir='ltr'>de</span> <span class='ocrx_word' id='word_1_38' title='bbox 569 684 687 761; x_wconf 78' lang='lat' dir='ltr'>cespite</span> <span class='ocrx_word' id='word_1_39' title='bbox 700 686 762 761; x_wconf 89' lang='lat' dir='ltr'>liat,</span> 
     </span>
     <span class='ocr_line' id='line_1_8' title="bbox 66 767 728 843; baseline -0.002 -15"><span class='ocrx_word' id='word_1_40' title='bbox 66 783 89 836; x_wconf 87' lang='lat'>10</span> <span class='ocrx_word' id='word_1_41' title='bbox 127 769 160 830; x_wconf 83' lang='lat' dir='ltr'>Et</span> <span class='ocrx_word' id='word_1_42' title='bbox 172 768 250 829; x_wconf 86' lang='lat' dir='ltr'>velet</span> <span class='ocrx_word' id='word_1_43' title='bbox 264 767 388 843; x_wconf 91' lang='lat' dir='ltr'>tepidos</span> <span class='ocrx_word' id='word_1_44' title='bbox 402 781 483 828; x_wconf 88' lang='lat' dir='ltr'>nexa</span> <span class='ocrx_word' id='word_1_45' title='bbox 497 782 612 828; x_wconf 89' lang='lat' dir='ltr'>corona</span> <span class='ocrx_word' id='word_1_46' title='bbox 628 769 728 830; x_wconf 86' lang='lat' dir='ltr'>locos.</span> 
     </span>
     <span class='ocr_line' id='line_1_9' title="bbox 94 851 884 930; baseline 0.001 -16"><span class='ocrx_word' id='word_1_47' title='bbox 94 855 131 914; x_wconf 84' lang='lat' dir='ltr'>lla</span> <span class='ocrx_word' id='word_1_48' title='bbox 142 852 209 912; x_wconf 89' lang='lat' dir='ltr'>mihi</span> <span class='ocrx_word' id='word_1_49' title='bbox 223 859 301 926; x_wconf 85' lang='lat' dir='ltr'>tura,</span> <span class='ocrx_word' id='word_1_50' title='bbox 324 867 410 929; x_wconf 87' lang='lat' dir='ltr'>puer,</span> <span class='ocrx_word' id='word_1_51' title='bbox 432 851 563 927; x_wconf 78' lang='lat' dir='ltr'>pingues</span> <span class='ocrx_word' id='word_1_52' title='bbox 578 851 722 913; x_wconf 78' lang='lat' dir='ltr'>facientia</span> <span class='ocrx_word' id='word_1_53' title='bbox 735 851 884 930; x_wconf 86' lang='lat' dir='ltr'>flammas,</span> 
     </span>
     <span class='ocr_line' id='line_1_10' title="bbox 127 935 861 1012; baseline -0.001 -14"><span class='ocrx_word' id='word_1_54' title='bbox 127 937 268 1012; x_wconf 82' lang='lat' dir='ltr'>Quodque</span> <span class='ocrx_word' id='word_1_55' title='bbox 284 936 336 1011; x_wconf 91' lang='lat' dir='ltr'>pio</span> <span class='ocrx_word' id='word_1_56' title='bbox 353 937 454 996; x_wconf 87' lang='lat' dir='ltr'>lusum</span> <span class='ocrx_word' id='word_1_57' title='bbox 469 935 579 996; x_wconf 84' lang='lat' dir='ltr'>stridat</span> <span class='ocrx_word' id='word_1_58' title='bbox 593 936 622 995; x_wconf 90' lang='lat' dir='ltr'>in</span> <span class='ocrx_word' id='word_1_59' title='bbox 639 937 717 1012; x_wconf 81' lang='lat' dir='ltr'>igne,</span> <span class='ocrx_word' id='word_1_60' title='bbox 736 954 861 998; x_wconf 87' lang='lat' dir='ltr'>merum.</span> 
     </span>
     <span class='ocr_line' id='line_1_11' title="bbox 96 1021 899 1099; baseline 0 -15"><span class='ocrx_word' id='word_1_61' title='bbox 96 1022 197 1097; x_wconf 86' lang='lat' dir='ltr'>Optime</span> <span class='ocrx_word' id='word_1_62' title='bbox 210 1021 341 1081; x_wconf 81' lang='lat' dir='ltr'>Natalis!</span> <span class='ocrx_word' id='word_1_63' title='bbox 367 1021 508 1096; x_wconf 88' lang='lat' dir='ltr'>quemvis</span> <span class='ocrx_word' id='word_1_64' title='bbox 523 1021 631 1096; x_wconf 89' lang='lat' dir='ltr'>procul</span> <span class='ocrx_word' id='word_1_65' title='bbox 647 1022 804 1094; x_wconf 85' lang='lat' dir='ltr'>absumus,</span> <span class='ocrx_word' id='word_1_66' title='bbox 826 1029 899 1099; x_wconf 87' lang='lat' dir='ltr'>opto</span> 
     </span>
     <span class='ocr_line' id='line_1_12' title="bbox 126 1102 800 1182; baseline -0.001 -17"><span class='ocrx_word' id='word_1_67' title='bbox 126 1105 273 1165; x_wconf 80' lang='lat' dir='ltr'>(laudidus</span> <span class='ocrx_word' id='word_1_68' title='bbox 289 1102 349 1165; x_wconf 93' lang='lat' dir='ltr'>huc</span> <span class='ocrx_word' id='word_1_69' title='bbox 366 1104 472 1164; x_wconf 89' lang='lat' dir='ltr'>venias</span> <span class='ocrx_word' id='word_1_70' title='bbox 487 1105 707 1182; x_wconf 90' lang='lat' dir='ltr'>dissimilisque</span> <span class='ocrx_word' id='word_1_71' title='bbox 721 1122 800 1167; x_wconf 91' lang='lat' dir='ltr'>meo.</span> 
     </span>
     <span class='ocr_line' id='line_1_13' title="bbox 67 1188 886 1266; baseline 0 -14"><span class='ocrx_word' id='word_1_72' title='bbox 67 1189 122 1252; x_wconf 81' lang='lat' dir='ltr'>ltSi</span> <span class='ocrx_word' id='word_1_73' title='bbox 135 1190 211 1266; x_wconf 91' lang='lat' dir='ltr'>quod</span> <span class='ocrx_word' id='word_1_74' title='bbox 227 1196 260 1250; x_wconf 88' lang='lat' dir='ltr'>et</span> <span class='ocrx_word' id='word_1_75' title='bbox 273 1188 406 1249; x_wconf 86' lang='lat' dir='ltr'>instabat</span> <span class='ocrx_word' id='word_1_76' title='bbox 421 1188 563 1248; x_wconf 91' lang='lat' dir='ltr'>dominae</span> <span class='ocrx_word' id='word_1_77' title='bbox 578 1191 751 1251; x_wconf 82' lang='lat' dir='ltr'>miserabile</span> <span class='ocrx_word' id='word_1_78' title='bbox 766 1192 886 1266; x_wconf 89' lang='lat' dir='ltr'>vulnus,</span> 
     </span>
     <span class='ocr_line' id='line_1_14' title="bbox 126 1273 827 1350; baseline 0 -16"><span class='ocrx_word' id='word_1_79' title='bbox 126 1273 165 1334; x_wconf 87' lang='lat' dir='ltr'>Sit</span> <span class='ocrx_word' id='word_1_80' title='bbox 178 1275 338 1350; x_wconf 78' lang='lat' dir='ltr'>perfuncto</span> <span class='ocrx_word' id='word_1_81' title='bbox 353 1273 429 1333; x_wconf 90' lang='lat' dir='ltr'>meis</span> <span class='ocrx_word' id='word_1_82' title='bbox 444 1282 564 1348; x_wconf 89' lang='lat' dir='ltr'>tempus</span> <span class='ocrx_word' id='word_1_83' title='bbox 580 1273 609 1332; x_wconf 92' lang='lat' dir='ltr'>in</span> <span class='ocrx_word' id='word_1_84' title='bbox 625 1291 715 1335; x_wconf 85' lang='lat' dir='ltr'>onrne</span> <span class='ocrx_word' id='word_1_85' title='bbox 729 1276 827 1336; x_wconf 86' lang='lat' dir='ltr'>malis.</span> 
     </span>
     <span class='ocr_line' id='line_1_15' title="bbox 96 1357 1013 1437; baseline 0.007 -19"><span class='ocrx_word' id='word_1_86' title='bbox 96 1357 221 1434; x_wconf 79' lang='lat' dir='ltr'>Quaeque</span> <span class='ocrx_word' id='word_1_87' title='bbox 235 1359 323 1433; x_wconf 81' lang='lat' dir='ltr'>gravi</span> <span class='ocrx_word' id='word_1_88' title='bbox 338 1373 436 1432; x_wconf 86' lang='lat' dir='ltr'>nuper</span> <span class='ocrx_word' id='word_1_89' title='bbox 449 1359 521 1433; x_wconf 93' lang='lat' dir='ltr'>plus</span> <span class='ocrx_word' id='word_1_90' title='bbox 537 1373 628 1432; x_wconf 87' lang='lat' dir='ltr'>quam</span> <span class='ocrx_word' id='word_1_91' title='bbox 645 1368 792 1433; x_wconf 84' lang='lat' dir='ltr'>quassate</span> <span class='ocrx_word' id='word_1_92' title='bbox 807 1361 942 1436; x_wconf 88' lang='lat' dir='ltr'>procella</span> <span class='ocrx_word' id='word_1_93' title='bbox 957 1369 1013 1437; x_wconf 81' lang='lat' dir='ltr'>eet,</span> 
     </span>
     <span class='ocr_line' id='line_1_16' title="bbox 127 1441 835 1518; baseline 0.003 -16"><span class='ocrx_word' id='word_1_94' title='bbox 127 1441 204 1516; x_wconf 81' lang='lat' dir='ltr'>Quod</span> <span class='ocrx_word' id='word_1_95' title='bbox 219 1449 374 1518; x_wconf 86' lang='lat' dir='ltr'>superest,</span> <span class='ocrx_word' id='word_1_96' title='bbox 398 1449 492 1502; x_wconf 89' lang='lat' dir='ltr'>tutum</span> <span class='ocrx_word' id='word_1_97' title='bbox 508 1458 564 1518; x_wconf 86' lang='lat' dir='ltr'>per</span> <span class='ocrx_word' id='word_1_98' title='bbox 576 1459 659 1503; x_wconf 88' lang='lat' dir='ltr'>mare</span> <span class='ocrx_word' id='word_1_99' title='bbox 674 1445 763 1504; x_wconf 86' lang='lat' dir='ltr'>navis</span> <span class='ocrx_word' id='word_1_100' title='bbox 777 1452 835 1504; x_wconf 85' lang='lat' dir='ltr'>eet.</span> 
     </span>
     <span class='ocr_line' id='line_1_17' title="bbox 96 1527 780 1604; baseline -0.001 -19"><span class='ocrx_word' id='word_1_101' title='bbox 96 1527 137 1586; x_wconf 91' lang='lat' dir='ltr'>llln</span> <span class='ocrx_word' id='word_1_102' title='bbox 149 1527 236 1586; x_wconf 91' lang='lat' dir='ltr'>domo</span> <span class='ocrx_word' id='word_1_103' title='bbox 254 1534 388 1603; x_wconf 87' lang='lat' dir='ltr'>nataque</span> <span class='ocrx_word' id='word_1_104' title='bbox 402 1543 459 1587; x_wconf 90' lang='lat' dir='ltr'>sua</span> <span class='ocrx_word' id='word_1_105' title='bbox 474 1527 634 1604; x_wconf 83' lang='lat' dir='ltr'>patriaque</span> <span class='ocrx_word' id='word_1_106' title='bbox 648 1529 780 1590; x_wconf 71' lang='lat' dir='ltr'>leuatum</span> 
     </span>
     <span class='ocr_line' id='line_1_18' title="bbox 67 1609 719 1686; baseline 0 -16"><span class='ocrx_word' id='word_1_107' title='bbox 67 1619 91 1670; x_wconf 86' lang='lat' dir='ltr'>tt</span> <span class='ocrx_word' id='word_1_108' title='bbox 128 1609 230 1686; x_wconf 79' lang='lat' dir='ltr'>Erepte</span> <span class='ocrx_word' id='word_1_109' title='bbox 246 1611 325 1672; x_wconf 87' lang='lat' dir='ltr'>hacc</span> <span class='ocrx_word' id='word_1_110' title='bbox 339 1611 391 1672; x_wconf 93' lang='lat' dir='ltr'>uni</span> <span class='ocrx_word' id='word_1_111' title='bbox 406 1612 446 1672; x_wconf 89' lang='lat' dir='ltr'>sit</span> <span class='ocrx_word' id='word_1_112' title='bbox 461 1613 536 1672; x_wconf 88' lang='lat' dir='ltr'>satis</span> <span class='ocrx_word' id='word_1_113' title='bbox 553 1627 625 1673; x_wconf 88' lang='lat' dir='ltr'>esse</span> <span class='ocrx_word' id='word_1_114' title='bbox 639 1612 719 1671; x_wconf 83' lang='lat' dir='ltr'>milui.</span> 
     </span>
     <span class='ocr_line' id='line_1_19' title="bbox 96 1694 791 1771; baseline 0 -17"><span class='ocrx_word' id='word_1_115' title='bbox 96 1694 228 1768; x_wconf 76' lang='lat' dir='ltr'>Quatenus</span> <span class='ocrx_word' id='word_1_116' title='bbox 245 1705 277 1756; x_wconf 86' lang='lat' dir='ltr'>et</span> <span class='ocrx_word' id='word_1_117' title='bbox 291 1712 351 1758; x_wconf 92' lang='lat' dir='ltr'>non</span> <span class='ocrx_word' id='word_1_118' title='bbox 368 1697 459 1757; x_wconf 87' lang='lat' dir='ltr'>estin</span> <span class='ocrx_word' id='word_1_119' title='bbox 475 1711 547 1756; x_wconf 89' lang='lat' dir='ltr'>caro</span> <span class='ocrx_word' id='word_1_120' title='bbox 563 1696 694 1771; x_wconf 84' lang='lat' dir='ltr'>coniuge</span> <span class='ocrx_word' id='word_1_121' title='bbox 708 1697 791 1771; x_wconf 78' lang='lat' dir='ltr'>felix,</span> 
     </span>
     <span class='ocr_line' id='line_1_20' title="bbox 125 1778 704 1842; baseline 0.003 -6"><span class='ocrx_word' id='word_1_122' title='bbox 125 1778 189 1840; x_wconf 84' lang='lat' dir='ltr'>Pars</span> <span class='ocrx_word' id='word_1_123' title='bbox 203 1779 287 1840; x_wconf 85' lang='lat' dir='ltr'>vitae</span> <span class='ocrx_word' id='word_1_124' title='bbox 302 1781 376 1842; x_wconf 89' lang='lat' dir='ltr'>tristi</span> <span class='ocrx_word' id='word_1_125' title='bbox 393 1791 495 1841; x_wconf 86' lang='lat' dir='ltr'>cetera</span> <span class='ocrx_word' id='word_1_126' title='bbox 509 1779 590 1840; x_wconf 92' lang='lat' dir='ltr'>nube</span> <span class='ocrx_word' id='word_1_127' title='bbox 605 1787 704 1840; x_wconf 86' lang='lat' dir='ltr'>vacet.</span> 
     </span>
     <span class='ocr_line' id='line_1_21' title="bbox 96 1861 975 1940; baseline 0.005 -20"><span class='ocrx_word' id='word_1_128' title='bbox 96 1861 176 1937; x_wconf 87' lang='lat' dir='ltr'>Vivet,</span> <span class='ocrx_word' id='word_1_129' title='bbox 197 1872 342 1940; x_wconf 86' lang='lat' dir='ltr'>ametque</span> <span class='ocrx_word' id='word_1_130' title='bbox 355 1865 464 1940; x_wconf 87' lang='lat' dir='ltr'>virum,</span> <span class='ocrx_word' id='word_1_131' title='bbox 486 1865 629 1940; x_wconf 90' lang='lat' dir='ltr'>quoniam</span> <span class='ocrx_word' id='word_1_132' title='bbox 645 1864 690 1924; x_wconf 90' lang='lat' dir='ltr'>sic</span> <span class='ocrx_word' id='word_1_133' title='bbox 706 1863 832 1940; x_wconf 80' lang='lat' dir='ltr'>cogitur,</span> <span class='ocrx_word' id='word_1_134' title='bbox 853 1862 975 1937; x_wconf 86' lang='lat' dir='ltr'>absens,</span> 
     </span>
     <span class='ocr_line' id='line_1_22' title="bbox 127 1946 827 2025; baseline 0.003 -19"><span class='ocrx_word' id='word_1_135' title='bbox 127 1946 346 2025; x_wconf 83' lang='lat' dir='ltr'>Consumetque</span> <span class='ocrx_word' id='word_1_136' title='bbox 361 1966 471 2024; x_wconf 89' lang='lat' dir='ltr'>annos,</span> <span class='ocrx_word' id='word_1_137' title='bbox 493 1951 550 2010; x_wconf 90' lang='lat' dir='ltr'>sed</span> <span class='ocrx_word' id='word_1_138' title='bbox 567 1949 717 2018; x_wconf 86' lang='lat' dir='ltr'>diuturna,</span> <span class='ocrx_word' id='word_1_139' title='bbox 741 1964 827 2010; x_wconf 90' lang='lat' dir='ltr'>suos.</span> 
     </span>
     <span class='ocr_line' id='line_1_23' title="bbox 68 2031 822 2109; baseline 0.011 -23"><span class='ocrx_word' id='word_1_140' title='bbox 68 2035 90 2088; x_wconf 75' lang='lat' dir='ltr'>to</span> <span class='ocrx_word' id='word_1_141' title='bbox 100 2031 252 2108; x_wconf 85' lang='lat' dir='ltr'>Adicerem,</span> <span class='ocrx_word' id='word_1_142' title='bbox 276 2041 306 2094; x_wconf 91' lang='lat' dir='ltr'>et</span> <span class='ocrx_word' id='word_1_143' title='bbox 319 2042 454 2096; x_wconf 90' lang='lat' dir='ltr'>nostros.</span> <span class='ocrx_word' id='word_1_144' title='bbox 485 2033 543 2094; x_wconf 90' lang='lat' dir='ltr'>sed</span> <span class='ocrx_word' id='word_1_145' title='bbox 558 2049 597 2094; x_wconf 86' lang='lat' dir='ltr'>nc</span> <span class='ocrx_word' id='word_1_146' title='bbox 611 2033 753 2109; x_wconf 79' lang='lat' dir='ltr'>contagia</span> <span class='ocrx_word' id='word_1_147' title='bbox 770 2033 822 2094; x_wconf 86' lang='lat' dir='ltr'>lati</span> 
     </span>
     <span class='ocr_line' id='line_1_24' title="bbox 126 2115 798 2194; baseline 0 -19"><span class='ocrx_word' id='word_1_148' title='bbox 126 2115 318 2194; x_wconf 81' lang='lat' dir='ltr'>Corrumpunt</span> <span class='ocrx_word' id='word_1_149' title='bbox 331 2117 433 2194; x_wconf 86' lang='lat' dir='ltr'>timeo,</span> <span class='ocrx_word' id='word_1_150' title='bbox 457 2134 537 2194; x_wconf 90' lang='lat' dir='ltr'>quos</span> <span class='ocrx_word' id='word_1_151' title='bbox 553 2118 614 2194; x_wconf 79' lang='lat' dir='ltr'>egit</span> <span class='ocrx_word' id='word_1_152' title='bbox 628 2118 705 2194; x_wconf 90' lang='lat' dir='ltr'>ipsa,</span> <span class='ocrx_word' id='word_1_153' title='bbox 730 2118 798 2177; x_wconf 90' lang='lat' dir='ltr'>mei.</span> 
     </span>
     <span class='ocr_line' id='line_1_25' title="bbox 94 2197 900 2278; baseline 0.006 -22"><span class='ocrx_word' id='word_1_154' title='bbox 94 2197 129 2258; x_wconf 85' lang='lat' dir='ltr'>Nil</span> <span class='ocrx_word' id='word_1_155' title='bbox 141 2200 248 2261; x_wconf 88' lang='lat' dir='ltr'>homini</span> <span class='ocrx_word' id='word_1_156' title='bbox 266 2210 380 2263; x_wconf 88' lang='lat' dir='ltr'>certum</span> <span class='ocrx_word' id='word_1_157' title='bbox 395 2210 451 2264; x_wconf 88' lang='lat' dir='ltr'>est.</span> <span class='ocrx_word' id='word_1_158' title='bbox 481 2202 560 2262; x_wconf 86' lang='lat' dir='ltr'>Fieri</span> <span class='ocrx_word' id='word_1_159' title='bbox 577 2201 646 2278; x_wconf 92' lang='lat' dir='ltr'>quis</span> <span class='ocrx_word' id='word_1_160' title='bbox 662 2218 759 2278; x_wconf 90' lang='lat' dir='ltr'>posse</span> <span class='ocrx_word' id='word_1_161' title='bbox 773 2208 900 2277; x_wconf 83' lang='lat' dir='ltr'>putaret,</span> 
     </span>
     <span class='ocr_line' id='line_1_26' title="bbox 125 2283 861 2363; baseline 0 -19"><span class='ocrx_word' id='word_1_162' title='bbox 125 2283 158 2344; x_wconf 91' lang='lat' dir='ltr'>Ut</span> <span class='ocrx_word' id='word_1_163' title='bbox 171 2287 304 2348; x_wconf 87' lang='lat' dir='ltr'>lacerem</span> <span class='ocrx_word' id='word_1_164' title='bbox 318 2287 348 2346; x_wconf 90' lang='lat' dir='ltr'>in</span> <span class='ocrx_word' id='word_1_165' title='bbox 363 2287 472 2347; x_wconf 88' lang='lat' dir='ltr'>mediis</span> <span class='ocrx_word' id='word_1_166' title='bbox 486 2288 564 2347; x_wconf 87' lang='lat' dir='ltr'>haec</span> <span class='ocrx_word' id='word_1_167' title='bbox 580 2301 638 2363; x_wconf 79' lang='lat' dir='ltr'>ego</span> <span class='ocrx_word' id='word_1_168' title='bbox 653 2302 743 2347; x_wconf 85' lang='lat' dir='ltr'>sacra</span> <span class='ocrx_word' id='word_1_169' title='bbox 756 2287 861 2347; x_wconf 82' lang='lat' dir='ltr'>Getist</span> 
     </span>
     <span class='ocr_line' id='line_1_27' title="bbox 94 2367 827 2442; baseline 0.005 -17"><span class='ocrx_word' id='word_1_170' title='bbox 94 2367 197 2442; x_wconf 82' lang='lat' dir='ltr'>Aspice,</span> <span class='ocrx_word' id='word_1_171' title='bbox 218 2379 255 2432; x_wconf 94' lang='lat' dir='ltr'>ut</span> <span class='ocrx_word' id='word_1_172' title='bbox 269 2387 344 2432; x_wconf 89' lang='lat' dir='ltr'>aura</span> <span class='ocrx_word' id='word_1_173' title='bbox 358 2379 457 2432; x_wconf 85' lang='lat' dir='ltr'>tamen</span> <span class='ocrx_word' id='word_1_174' title='bbox 473 2373 573 2431; x_wconf 84' lang='lat' dir='ltr'>tumes</span> <span class='ocrx_word' id='word_1_175' title='bbox 589 2379 687 2430; x_wconf 88' lang='lat' dir='ltr'>eture</span> <span class='ocrx_word' id='word_1_176' title='bbox 703 2377 827 2430; x_wconf 88' lang='lat' dir='ltr'>coortos</span> 
     </span>
     <span class='ocr_line' id='line_1_28' title="bbox 66 2452 731 2529; baseline 0 -18"><span class='ocrx_word' id='word_1_177' title='bbox 66 2454 89 2506; x_wconf 81' lang='lat' dir='ltr'>tt</span> <span class='ocrx_word' id='word_1_178' title='bbox 126 2452 154 2511; x_wconf 92' lang='lat' dir='ltr'>ln</span> <span class='ocrx_word' id='word_1_179' title='bbox 167 2463 272 2529; x_wconf 83' lang='lat' dir='ltr'>pentes</span> <span class='ocrx_word' id='word_1_180' title='bbox 289 2457 379 2516; x_wconf 88' lang='lat' dir='ltr'>ltalas</span> <span class='ocrx_word' id='word_1_181' title='bbox 395 2463 424 2515; x_wconf 89' lang='lat' dir='ltr'>et</span> <span class='ocrx_word' id='word_1_182' title='bbox 438 2457 508 2516; x_wconf 89' lang='lat' dir='ltr'>loca</span> <span class='ocrx_word' id='word_1_183' title='bbox 522 2454 631 2515; x_wconf 87' lang='lat' dir='ltr'>dextra</span> <span class='ocrx_word' id='word_1_184' title='bbox 645 2456 731 2514; x_wconf 84' lang='lat' dir='ltr'>ierat.</span> 
     </span>
     <span class='ocr_line' id='line_1_29' title="bbox 95 2531 861 2621; baseline -0.003 -27"><span class='ocrx_word' id='word_1_185' title='bbox 95 2531 191 2598; x_wconf 88' lang='lat' dir='ltr'>Sensus</span> <span class='ocrx_word' id='word_1_186' title='bbox 206 2539 289 2600; x_wconf 87' lang='lat' dir='ltr'>inest</span> <span class='ocrx_word' id='word_1_187' title='bbox 303 2540 393 2614; x_wconf 86' lang='lat' dir='ltr'>igitur</span> <span class='ocrx_word' id='word_1_188' title='bbox 408 2539 543 2611; x_wconf 86' lang='lat' dir='ltr'>nebulis,</span> <span class='ocrx_word' id='word_1_189' title='bbox 568 2553 645 2613; x_wconf 86' lang='lat' dir='ltr'>quas</span> <span class='ocrx_word' id='word_1_190' title='bbox 660 2538 754 2621; x_wconf 77' lang='lat' dir='ltr'>exigit</span> <span class='ocrx_word' id='word_1_191' title='bbox 767 2536 861 2613; x_wconf 81' lang='lat' dir='ltr'>ignis:</span> 
     </span>
     <span class='ocr_line' id='line_1_30' title="bbox 124 2620 773 2699; baseline -0.002 -18"><span class='ocrx_word' id='word_1_192' title='bbox 124 2620 251 2683; x_wconf 78' lang='lat' dir='ltr'>donsilio</span> <span class='ocrx_word' id='word_1_193' title='bbox 267 2624 385 2699; x_wconf 82' lang='lat' dir='ltr'>lugiunt</span> <span class='ocrx_word' id='word_1_194' title='bbox 398 2625 532 2697; x_wconf 87' lang='lat' dir='ltr'>aethera,</span> <span class='ocrx_word' id='word_1_195' title='bbox 553 2622 657 2696; x_wconf 86' lang='lat' dir='ltr'>Ponte,</span> <span class='ocrx_word' id='word_1_196' title='bbox 679 2629 773 2681; x_wconf 90' lang='lat' dir='ltr'>tuum.</span> 
     </span>
     <span class='ocr_line' id='line_1_31' title="bbox 93 2700 812 2781; baseline 0.007 -20"><span class='ocrx_word' id='word_1_197' title='bbox 93 2700 219 2781; x_wconf 83' lang='lat' dir='ltr'>consitio,</span> <span class='ocrx_word' id='word_1_198' title='bbox 245 2723 408 2770; x_wconf 93' lang='lat' dir='ltr'>commune</span> <span class='ocrx_word' id='word_1_199' title='bbox 423 2724 545 2769; x_wconf 84' lang='lat' dir='ltr'>sacrum</span> <span class='ocrx_word' id='word_1_200' title='bbox 561 2723 629 2768; x_wconf 88' lang='lat' dir='ltr'>cum</span> <span class='ocrx_word' id='word_1_201' title='bbox 643 2707 696 2766; x_wconf 87' lang='lat' dir='ltr'>liat</span> <span class='ocrx_word' id='word_1_202' title='bbox 710 2706 741 2766; x_wconf 93' lang='lat' dir='ltr'>in</span> <span class='ocrx_word' id='word_1_203' title='bbox 755 2713 812 2767; x_wconf 79' lang='lat' dir='ltr'>ara</span> 
     </span>
     <span class='ocr_line' id='line_1_32' title="bbox 122 2787 739 2868; baseline 0.006 -22"><span class='ocrx_word' id='word_1_204' title='bbox 122 2787 282 2864; x_wconf 83' lang='lat' dir='ltr'>Fratribus,</span> <span class='ocrx_word' id='word_1_205' title='bbox 305 2792 423 2854; x_wconf 85' lang='lat' dir='ltr'>alterna</span> <span class='ocrx_word' id='word_1_206' title='bbox 438 2794 489 2867; x_wconf 92' lang='lat' dir='ltr'>qui</span> <span class='ocrx_word' id='word_1_207' title='bbox 506 2792 625 2868; x_wconf 87' lang='lat' dir='ltr'>periere</span> <span class='ocrx_word' id='word_1_208' title='bbox 640 2807 739 2864; x_wconf 85' lang='lat' dir='ltr'>mann,</span> 
     </span>
     <span class='ocr_line' id='line_1_33' title="bbox 64 2869 861 2952; baseline 0.011 -25"><span class='ocrx_word' id='word_1_209' title='bbox 64 2869 151 2946; x_wconf 81' lang='lat' dir='ltr'>olpsa</span> <span class='ocrx_word' id='word_1_210' title='bbox 164 2875 222 2936; x_wconf 89' lang='lat' dir='ltr'>sibi</span> <span class='ocrx_word' id='word_1_211' title='bbox 238 2877 375 2950; x_wconf 80' lang='lat' dir='ltr'>discors,</span> <span class='ocrx_word' id='word_1_212' title='bbox 397 2885 552 2952; x_wconf 88' lang='lat' dir='ltr'>tamquam</span> <span class='ocrx_word' id='word_1_213' title='bbox 567 2875 726 2935; x_wconf 86' lang='lat' dir='ltr'>mandetur</span> <span class='ocrx_word' id='word_1_214' title='bbox 740 2872 778 2933; x_wconf 86' lang='lat' dir='ltr'>ab</span> <span class='ocrx_word' id='word_1_215' title='bbox 792 2873 861 2947; x_wconf 77' lang='lat' dir='ltr'>illie,</span> 
     </span>
     <span class='ocr_line' id='line_1_34' title="bbox 122 2955 740 3037; baseline 0 -20"><span class='ocrx_word' id='word_1_216' title='bbox 122 2955 273 3021; x_wconf 85' lang='lat' dir='ltr'>Scinditur</span> <span class='ocrx_word' id='word_1_217' title='bbox 288 2961 317 3021; x_wconf 93' lang='lat' dir='ltr'>in</span> <span class='ocrx_word' id='word_1_218' title='bbox 333 2969 437 3037; x_wconf 83' lang='lat' dir='ltr'>perles</span> <span class='ocrx_word' id='word_1_219' title='bbox 454 2968 519 3020; x_wconf 85' lang='lat' dir='ltr'>atra</span> <span class='ocrx_word' id='word_1_220' title='bbox 535 2960 637 3019; x_wconf 85' lang='lat' dir='ltr'>lavilln</span> <span class='ocrx_word' id='word_1_221' title='bbox 651 2960 740 3019; x_wconf 85' lang='lat' dir='ltr'>duas.</span> 
     </span>
     <span class='ocr_line' id='line_1_35' title="bbox 91 3036 931 3121; baseline 0.007 -23"><span class='ocrx_word' id='word_1_222' title='bbox 91 3036 151 3110; x_wconf 88' lang='lat' dir='ltr'>Hoc,</span> <span class='ocrx_word' id='word_1_223' title='bbox 172 3045 310 3120; x_wconf 88' lang='lat' dir='ltr'>memini,</span> <span class='ocrx_word' id='word_1_224' title='bbox 334 3046 490 3121; x_wconf 88' lang='lat' dir='ltr'>quondam</span> <span class='ocrx_word' id='word_1_225' title='bbox 505 3045 569 3104; x_wconf 86' lang='lat' dir='ltr'>fieri</span> <span class='ocrx_word' id='word_1_226' title='bbox 586 3059 646 3103; x_wconf 94' lang='lat' dir='ltr'>non</span> <span class='ocrx_word' id='word_1_227' title='bbox 663 3059 759 3118; x_wconf 90' lang='lat' dir='ltr'>posse</span> <span class='ocrx_word' id='word_1_228' title='bbox 773 3042 931 3119; x_wconf 87' lang='lat' dir='ltr'>loquebar,</span> 
     </span>
     <span class='ocr_line' id='line_1_36' title="bbox 121 3125 710 3191; baseline -0.003 -6"><span class='ocrx_word' id='word_1_229' title='bbox 121 3125 154 3186; x_wconf 82' lang='lat' dir='ltr'>lu</span> <span class='ocrx_word' id='word_1_230' title='bbox 168 3145 216 3188; x_wconf 89' lang='lat' dir='ltr'>me</span> <span class='ocrx_word' id='word_1_231' title='bbox 231 3130 387 3191; x_wconf 86' lang='lat' dir='ltr'>Battiades</span> <span class='ocrx_word' id='word_1_232' title='bbox 403 3130 503 3190; x_wconf 89' lang='lat' dir='ltr'>indice</span> <span class='ocrx_word' id='word_1_233' title='bbox 518 3130 617 3189; x_wconf 80' lang='lat' dir='ltr'>salsus</span> <span class='ocrx_word' id='word_1_234' title='bbox 631 3135 710 3187; x_wconf 84' lang='lat' dir='ltr'>erat=</span> 
     </span>
     <span class='ocr_line' id='line_1_37' title="bbox 92 3205 913 3286; baseline 0.006 -19"><span class='ocrx_word' id='word_1_235' title='bbox 92 3205 184 3272; x_wconf 87' lang='lat' dir='ltr'>Omnia</span> <span class='ocrx_word' id='word_1_236' title='bbox 199 3231 281 3274; x_wconf 92' lang='lat' dir='ltr'>nunc</span> <span class='ocrx_word' id='word_1_237' title='bbox 296 3215 400 3286; x_wconf 88' lang='lat' dir='ltr'>credo,</span> <span class='ocrx_word' id='word_1_238' title='bbox 430 3230 498 3274; x_wconf 90' lang='lat' dir='ltr'>cum</span> <span class='ocrx_word' id='word_1_239' title='bbox 516 3223 547 3273; x_wconf 91' lang='lat' dir='ltr'>tu</span> <span class='ocrx_word' id='word_1_240' title='bbox 563 3228 623 3272; x_wconf 91' lang='lat' dir='ltr'>non</span> <span class='ocrx_word' id='word_1_241' title='bbox 639 3212 749 3272; x_wconf 89' lang='lat' dir='ltr'>stultus</span> <span class='ocrx_word' id='word_1_242' title='bbox 765 3211 913 3272; x_wconf 78' lang='lat' dir='ltr'>abnuam</span> 
     </span>
     <span class='ocr_line' id='line_1_38' title="bbox 62 3292 831 3376; baseline 0.001 -21"><span class='ocrx_word' id='word_1_243' title='bbox 62 3293 86 3348; x_wconf 80' lang='lat' dir='ltr'>li</span> <span class='ocrx_word' id='word_1_244' title='bbox 123 3292 218 3372; x_wconf 85' lang='lat' dir='ltr'>Terga</span> <span class='ocrx_word' id='word_1_245' title='bbox 233 3313 332 3376; x_wconf 88' lang='lat' dir='ltr'>vapor</span> <span class='ocrx_word' id='word_1_246' title='bbox 347 3298 471 3360; x_wconf 88' lang='lat' dir='ltr'>dederis</span> <span class='ocrx_word' id='word_1_247' title='bbox 486 3297 718 3372; x_wconf 86' lang='lat' dir='ltr'>Ausoniamque</span> <span class='ocrx_word' id='word_1_248' title='bbox 733 3304 831 3370; x_wconf 85' lang='lat' dir='ltr'>petas.</span> 
     </span>
     <span class='ocr_line' id='line_1_39' title="bbox 88 3373 842 3498; baseline 0.001 -60"><span class='ocrx_word' id='word_1_249' title='bbox 88 3373 161 3440; x_wconf 84' lang='lat' dir='ltr'>llaec</span> <span class='ocrx_word' id='word_1_250' title='bbox 175 3382 267 3457; x_wconf 83' lang='lat' dir='ltr'>igitur</span> <span class='ocrx_word' id='word_1_251' title='bbox 279 3385 333 3446; x_wconf 88' lang='lat' dir='ltr'>lux</span> <span class='ocrx_word' id='word_1_252' title='bbox 348 3391 405 3459; x_wconf 83' lang='lat' dir='ltr'>est,</span> <span class='ocrx_word' id='word_1_253' title='bbox 428 3381 550 3459; x_wconf 87' lang='lat' dir='ltr'>quaesi</span> <span class='ocrx_word' id='word_1_254' title='bbox 565 3397 627 3442; x_wconf 92' lang='lat' dir='ltr'>non</span> <span class='ocrx_word' id='word_1_255' title='bbox 644 3391 709 3442; x_wconf 86' lang='lat' dir='ltr'>orta</span> <span class='ocrx_word' id='word_1_256' title='bbox 724 3380 842 3498; x_wconf 60' lang='lat' dir='ltr'>luisset,</span> 
     </span>
    </p>
   </div>
   <div class='ocr_carea' id='block_1_3' title="bbox 0 0 1209 3940">
    <p class='ocr_par' dir='ltr' id='par_1_3' title="bbox 0 0 1209 3940">
     <span class='ocr_line' id='line_1_40' title="bbox 0 0 1209 3940; baseline 0 0"><span class='ocrx_word' id='word_1_257' title='bbox 0 0 1209 3940; x_wconf 95' lang='lat' dir='ltr'> </span> 
     </span>
    </p>
   </div>
  </div>
 </body>
</html>
