2372 3928
172 244 234 310 212
542 245 567 304 F
573 241 800 305 ASTORUM

257 397 338 458 Vina
353 395 447 457 dabat
458 395 558 456 Liber.
589 397 699 456 tulerat
714 395 772 456 sibi
789 395 922 470 quisque
942 411 1127 460 coronatus

296 480 473 541 Miscendas
489 480 573 556 large
588 479 674 541 rivus
689 478 800 555 agebat
813 493 921 558 aquas.

186 574 237 628 405
251 565 366 626 Naides
382 562 492 626 effusis
507 564 585 624 aliae
599 565 666 624 siue
681 561 810 640 pectinis
824 578 893 637 usu,

294 649 369 708 Pars
385 649 513 710 aderant
526 648 636 724 positis
651 654 716 708 arte
730 662 885 722 manuque
900 645 1008 707 comis.

256 734 310 792 llia
324 747 419 808 super
434 747 524 793 suras
545 732 679 792 tunicam
694 730 823 791 collecta
843 729 1003 805 ministrat,

296 817 402 878 Altera
417 816 536 877 dissuto
553 822 660 892 pectus
675 821 779 890 aperta
795 814 873 874 sinu.

255 900 359 960 Exerit
374 900 452 960 haec
465 900 639 974 humerum,
659 905 778 959 vestem
790 895 881 958 trahit
895 897 946 957 illa
962 914 1019 975 per
1036 899 1164 976 herbas,

186 999 238 1054 llo
292 983 490 1060 Impediuntt
491 998 601 1043 eneros
622 982 744 1043 vincula
758 981 841 1042 nulla
855 982 1002 1058 pedes.

255 1069 333 1129 Hinc
348 1068 426 1128 aliae
441 1068 554 1144 satyris
569 1067 710 1127 incendia
723 1065 806 1126 mitia
821 1064 978 1162 praebent,

297 1152 371 1212 Pars
386 1151 456 1228 tibi,
473 1151 525 1247 qui
540 1151 615 1226 pinu
629 1157 769 1246 tempora
781 1163 863 1209 nexa
875 1149 967 1224 geris

297 1319 440 1394 Nequitia
455 1325 516 1392 est,
543 1332 623 1394 quae
637 1324 667 1378 te
681 1333 743 1379 non
759 1317 830 1377 sinit
845 1332 918 1378 esse
931 1331 1053 1376 senem.

187 1412 238 1466 415
253 1405 294 1463 At
306 1402 414 1479 ruber,
429 1401 587 1483 hortorum
603 1403 697 1463 dacus
712 1408 742 1462 et
755 1401 863 1475 tutela,
885 1399 1016 1476 Priapus

299 1486 444 1546 Omnibus
455 1503 500 1546 ex
514 1487 574 1546 illis
589 1486 698 1547 Lotide
712 1493 820 1562 captus
836 1491 909 1545 erat.

255 1572 342 1631 Hanc
356 1570 455 1648 cupit,
469 1571 548 1630 hanc
563 1577 661 1647 optat,
685 1571 784 1632 solam
799 1569 935 1645 suspirat
945 1567 976 1628 in
993 1569 1094 1645 illam,

138 1656 142 1662 ’
298 1653 454 1730 Signaque
469 1655 522 1714 dat
535 1661 624 1731 nutu,
647 1655 851 1730 sollicitatque
871 1654 962 1716 notis

255 1739 365 1800 Festus
385 1739 465 1799 inest
478 1739 629 1814 pulchris,
652 1739 851 1840 sequiturque
865 1737 1012 1814 superbia
1033 1738 1168 1840 fonnem

187 1835 240 1887 elo
295 1823 420 1884 lrrisum
434 1824 519 1883 voltu
533 1823 664 1898 despicit
676 1823 729 1884 illa
743 1833 820 1885 suo.

256 1907 324 1969 Nox
340 1915 420 1980 crat,
437 1915 467 1968 et
480 1907 551 1967 vino
567 1923 708 1969 somnum
722 1907 853 1968 iaciente
867 1905 1008 1967 iacebant

301 1991 436 2068 corpora
451 1991 583 2052 diversis
598 1991 679 2051 victa
693 2005 808 2068 sopore
823 1991 909 2051 locis.

257 2075 341 2135 Lotis
358 2075 389 2133 in
404 2075 538 2136 herbosa
554 2076 612 2135 sub
626 2075 746 2135 acernis
763 2075 868 2136 ultima
889 2072 992 2150 ramiS,

302 2157 387 2218 Sicut
401 2165 466 2217 erat
479 2159 549 2219 lusu
564 2160 662 2234 lesse,
686 2159 800 2234 quievit
814 2159 917 2219 humo.
1013 2168 1017 2176 ’

187 2254 239 2308 425
255 2241 357 2316 Surgit
369 2257 490 2316 amans,
509 2241 702 2319 animamque
715 2250 822 2306 teneus
837 2242 968 2318 vestigia
982 2241 1093 2303 furtim

300 2324 459 2401 Suspenso
476 2325 577 2400 digitis
593 2327 652 2387 lert
665 2326 813 2388 taciturna
832 2328 939 2403 gradu.

256 2409 296 2470 Ut
309 2409 405 2485 tetigit
423 2409 531 2470 niveae
546 2417 667 2472 secreta
680 2410 792 2471 cubilia
805 2411 971 2490 nymphae,

298 2495 370 2570 Ipsa
385 2494 433 2555 sui
449 2493 541 2556 flatus
556 2510 597 2555 ue
610 2502 700 2555 sonet
714 2511 796 2570 aura,
820 2503 919 2556 cavet.
1182 2485 1183 2572 l

254 2577 292 2637 Et
306 2577 366 2637 iam
380 2578 507 2640 finitima
521 2594 635 2655 corpus
650 2577 780 2640 librabat
793 2579 824 2640 in
839 2579 950 2654 herbo:

186 2670 239 2725 430
293 2662 348 2721 Illa
366 2668 467 2721 tamen
482 2663 568 2725 multi
582 2665 675 2738 plena
688 2663 812 2739 soporis
828 2669 901 2723 erat.
1181 2703 1182 2706 κ

256 2743 390 2817 Gaudet,
415 2751 460 2819 et,
482 2740 648 2821 opedibus
664 2755 761 2808 tracto
775 2746 940 2821 velamine,
964 2752 1040 2806 vota
1181 2711 1182 2782 ι

297 2827 347 2886 Ad
362 2843 418 2887 sua
440 2828 520 2890 felici
536 2838 682 2906 coeperat
695 2832 739 2892 ire
752 2831 811 2892 via.

254 2910 335 2970 Ecce
351 2911 467 2973 rudens
487 2929 580 2976 rauco
596 2913 691 2976 Sileni
705 2921 811 2978 vector
824 2916 939 2977 asellus

296 2994 531 3071 Intempestivos
553 2997 649 3060 edidit
662 3015 716 3061 ore
730 3015 836 3061 sonos.

183 3083 235 3140 435
248 3078 363 3138 Territa
379 3082 534 3158 consurgit
546 3082 698 3162 nymphe,
721 3083 925 3158 manibusque
945 3080 1093 3158 Priapum

169 3230 172 3234 ,
294 3162 407 3238 Reicit,
429 3170 459 3224 et
472 3165 592 3242 lugiens
613 3167 745 3229 concitat
758 3182 849 3228 omne
862 3181 981 3226 nemus

252 3245 294 3304 At
309 3245 403 3323 deus,
425 3247 605 3310 obscena
576 3251 700 3311 mmium
715 3266 840 3326 quoque
854 3256 941 3328 parte
955 3257 1096 3326 paratus,

152 3392 155 3396 ,
296 3325 441 3392 Omnibus
457 3333 497 3393 ad
514 3335 605 3394 lunae
623 3334 775 3395 lumina
750 3350 832 3396 rasus
848 3335 922 3394 e‘rat.

252 3411 349 3474 Morte
364 3415 449 3476 dedit
461 3431 580 3492 poenas
596 3425 703 3479 auctor
717 3418 869 3480 clamoris.
895 3423 926 3478 et
945 3414 1026 3476 baec
1042 3423 1090 3477 est

182 3497 235 3554 440
290 3496 538 3572 Hellespontiaco
560 3501 683 3562 victima
697 3510 783 3578 grata
796 3502 867 3562 deo.
