2450 3932
183 211 224 276 48
576 209 805 273 TRISTIUM

266 367 476 440 Desertaeque
489 363 601 426 domus
617 363 728 435 vultus,
743 378 960 442 memoresque
975 365 1119 441 sodales,

218 457 254 511 10
308 449 447 524 Curaque
464 449 632 523 praecipue
647 446 786 522 coniugis
802 464 858 509 ora
872 464 969 510 meae.

270 531 376 608 Stulte,
397 530 471 608 quid
484 531 562 592 haec
577 533 689 592 frustra
705 530 785 592 vatis
799 533 968 608 puerilibus
984 539 1090 610 optas,

311 615 396 690 Quae
410 630 472 675 non
487 617 550 676 ulla
563 614 618 676 tibi
633 616 753 690 fertque
768 615 906 692 feretque
921 617 1011 678 diesi

272 698 304 760 Si
319 700 415 760 semel
431 700 597 774 aptandum
614 706 671 772 est,
686 700 859 773 Augustum
874 715 987 762 numen
1001 700 1114 774 adora,

310 782 349 844 El
363 799 453 860 quem
468 784 602 858 sensisti,
618 783 676 844 rite
690 796 818 857 precare
836 785 937 844 deum.

224 867 326 927 15111e
341 873 453 943 potens
467 881 649 943 pennasque
662 865 716 926 tibi
732 881 902 944 currusque
920 868 1068 929 volucres

312 950 455 1011 Tradere.
478 950 530 1010 det
543 951 683 1024 reditum,
700 950 840 1024 protinus
857 953 922 1012 ales
937 953 1008 1013 eris.

273 1034 306 1095 Si
316 1048 427 1108 precer
438 1033 556 1106 heca...
572 1033 765 1108 nequeenim
779 1043 910 1109 possum
922 1036 1040 1096 maiora
1054 1037 1202 1114 precari..

309 1118 438 1178 Nemea
454 1117 524 1191 sint,
538 1117 641 1194 timeo,
656 1123 731 1178 vota
745 1118 885 1179 modesta
899 1135 1017 1194 parum.

271 1201 412 1262 Forsitan
426 1201 487 1262 hoc
502 1203 582 1277 olim,
599 1218 668 1262 cum
682 1201 742 1262 iam
756 1202 913 1263 satiaverit
927 1203 1011 1278 iram,

226 1295 262 1348 iu
315 1286 400 1344 Tunc
415 1300 541 1360 quoque
555 1285 687 1346 sollicita
699 1293 800 1347 mente
816 1287 974 1362 rogandus
989 1287 1058 1348 erit.

275 1368 363 1442 Quod
376 1368 477 1428 minus
496 1369 612 1430 interea
626 1374 682 1442 est,
697 1368 794 1428 instar
808 1370 881 1430 milri
896 1372 1030 1431 muneris
1049 1371 1157 1448 anrpli,

311 1451 359 1511 Ex
372 1451 422 1512 his
435 1467 484 1511 me
498 1452 601 1512 iubeat
615 1452 751 1527 quolibet
765 1453 810 1513 irc
824 1454 911 1514 locis.

273 1535 336 1595 Nec
352 1537 479 1609 caelum,
494 1551 553 1596 nae
567 1551 667 1611 aquae
682 1534 805 1609 iaciunt,
820 1552 878 1597 nec
893 1546 982 1611 terra,
997 1553 1058 1598 nec
1079 1555 1182 1600 aurae.

314 1619 350 1678 Ei
365 1617 447 1694 mihi,
462 1626 630 1694 perpetuus
647 1634 779 1694 corpora
792 1621 922 1696 languor
936 1621 1038 1682 habet.

224 1713 258 1766 25
274 1701 337 1764 Seu
351 1702 459 1763 vitiant
472 1710 557 1764 artus
575 1718 688 1778 aegrae
702 1703 844 1778 contagia
860 1705 979 1777 mentis,

314 1785 388 1848 Sive
401 1787 461 1848 mei
478 1803 574 1848 causa
587 1794 635 1848 est
648 1786 678 1846 in
693 1787 819 1862 regiona
833 1789 920 1850 malie
991 1805 993 1808 ·

274 1871 313 1932 Ut
329 1869 414 1946 tetigi
422 1871 566 1945 Pontum,
581 1877 696 1932 vexant
709 1871 869 1946 insomnia,
886 1871 1002 1947 vixque

315 1953 396 2015 Ossa
412 1956 487 2029 tegit
502 1953 617 2014 macies
635 1970 692 2014 nec
707 1955 860 2016 invalere
874 1957 973 2019 cibus

275 2036 396 2112 Quique
411 2053 468 2111 per
483 2044 660 2098 autumnum
674 2039 834 2112 percussis
849 2041 961 2115 frigore
976 2039 1078 2115 primo

224 2129 260 2184 tto
310 2119 368 2180 Est
384 2121 470 2180 color
484 2121 515 2180 in
529 2122 620 2196 foliis,
638 2138 717 2198 qnae
732 2138 813 2183 nova
827 2123 917 2185 laesit
930 2123 1038 2197 hiems,

273 2205 303 2264 Is
319 2219 389 2263 mea
401 2203 537 2264 membra
550 2212 642 2266 tenet.
663 2221 721 2266 nec
734 2206 851 2268 viribus
865 2207 994 2268 adlevor
1009 2208 1094 2284 ullis,

315 2287 354 2347 Et
367 2303 533 2363 numquam
549 2290 668 2366 queruli
684 2306 778 2350 causa
793 2291 910 2353 doloris
925 2292 1022 2354 abest.

274 2371 337 2431 Nec
351 2372 461 2434 melius
474 2375 574 2449 valeo,
593 2390 684 2450 quam
696 2389 837 2451 corpore,
851 2382 961 2436 mente.
983 2375 1039 2436 scd
1055 2391 1156 2452 aegra
1166 2393 1199 2437 es

316 2455 455 2532 Utraque
470 2474 543 2532 pars
557 2473 658 2533 aeque
671 2459 806 2533 binaque
821 2459 932 2520 damna
946 2461 1022 2520 sero.

224 2549 259 2606 35
274 2539 389 2602 Haeret
402 2548 433 2601 et
449 2548 519 2602 ante
534 2543 642 2602 oculos
656 2542 750 2602 veluti
766 2542 935 2617 spectabile
949 2559 1063 2619 corpus

316 2627 407 2684 Astat
420 2627 562 2684 lonunae
576 2627 675 2684 torma
688 2625 820 2700 legenda
834 2641 939 2688 maaca

278 2707 1210 2790 Cumquelceummaresquehominnmcultusquesonumqn

319 2789 487 2866 Cernimus,
502 2790 620 2868 etquid
637 2792 695 2851 sim
711 2791 785 2869 quid
800 2795 979 2871 fuerimque,
995 2794 1087 2871 subit,

275 2873 389 2932 Tantus
405 2890 490 2936 amor
503 2878 589 2937 necis
605 2882 661 2950 est,
677 2892 790 2952 querar
804 2885 837 2939 ut
851 2894 920 2940 cum
935 2878 1075 2940 Caesaris
1091 2880 1149 2956 ira,

226 2965 261 3018 40
318 2957 404 3030 Quod
419 2975 481 3020 non
497 2960 635 3021 elienses
646 2959 779 3022 vindicet
793 2977 869 3022 ense
884 2979 968 3024 suas.

270 3042 311 3102 At
326 3043 471 3114 quoniam
490 3046 586 3104 semel
600 3051 648 3104 est
662 3044 734 3105 odio
749 3043 877 3107 civiliter
889 3063 975 3122 usus,

310 3123 425 3186 Mutato
443 3127 542 3190 levior
556 3128 597 3190 sit
613 3126 686 3202 iuga
699 3133 806 3188 nostra
820 3130 901 3191 loco.

211 3256 252 3350 9.
270 3255 331 3354 Hic
343 3310 468 3370 quoque
479 3303 552 3357 sunl
561 3296 652 3372 igitur
664 3298 809 3359 Graiae...
819 3297 887 3374 quis
900 3298 1099 3360 credereti...
1112 3297 1210 3359 urbe

314 3378 396 3440 Inter
409 3377 593 3440 inhumanae
607 3381 731 3443 numina
743 3383 925 3444 barbariae?

274 3463 341 3523 Huc
357 3479 482 3540 queque
494 3461 598 3526 Mileto
614 3465 701 3527 missi
715 3482 828 3527 venere
844 3466 956 3542 coloni,
