2372 3928
216 225 277 290 228
595 221 852 284 FASTORUM

299 377 340 451 ²1,
355 379 434 437 inea’
450 374 526 435 dixit
540 374 634 446 avis,
650 389 690 433 ne
704 371 778 447 quid
791 373 843 449 pia
858 389 948 435 sacra
962 384 1091 453 moretur,

234 473 287 526 aab
342 460 379 520 Et
392 465 514 520 tenuem
527 458 606 518 vivis
620 456 756 518 tontibus
772 458 859 518 adler
874 463 1007 535 aquam!

300 545 416 605 corvus
430 543 599 604 inornatum
616 540 746 618 pedibus
762 549 878 602 crotera
891 543 1027 604 recurvis

337 627 440 701 Tollit,
462 633 492 687 et
506 627 621 686 aerium
636 625 776 701 pervolat
790 626 868 686 altus
882 626 948 686 iter.

300 711 405 773 Stabat
420 711 521 772 adhuc
535 711 620 771 duris
635 710 712 769 ficus
728 708 915 770 densissima
929 710 1044 784 ponrisz

339 795 477 870 Temptat
492 810 559 854 eam
573 800 683 854 rostro.
713 808 773 853 non
789 799 854 854 erat
867 800 940 869 apta
953 794 1022 870 legi.

236 887 287 940 aaa
301 879 453 939 Inmemor
466 878 585 953 imperii
601 877 723 938 sedisse
738 875 795 937 suh
811 876 921 938 arbore
936 879 1036 953 fertur,

195 959 197 963 ’
340 965 418 1024 Dum
433 962 541 1021 fiarent
555 962 641 1022 tarda
656 959 759 1022 dulcia
771 977 865 1037 poma
878 976 974 1022 mora.

299 1047 425 1122 lamque
439 1052 524 1106 satur
537 1045 632 1120 nigris
646 1045 772 1120 longum
785 1045 1030 1120 rapitunguibus
1043 1045 1153 1124 hydron

339 1131 391 1192 Ad
405 1130 624 1205 dominumque
637 1128 730 1204 redit,
748 1130 879 1204 fictaque
896 1129 991 1189 verba
1003 1130 1099 1190 raian:

299 1215 368 1274 ‘Hic
382 1212 455 1274 rnihi
470 1229 566 1274 eausa
580 1227 701 1287 morae,
719 1212 855 1274 vivarum
876 1211 1025 1274 obsessor
1038 1227 1164 1288 aquantur

236 1312 288 1366 aaa
342 1297 399 1357 Hic
412 1296 508 1356 tenuit
522 1297 623 1358 sontes
639 1296 837 1372 officiumque
851 1300 974 1357 meum.’

300 1381 424 1442 ‘Addis’
440 1380 481 1441 ait
493 1382 616 1456 ‘culpae
630 1380 789 1440 mendacia
796 1385 817 1452 ,’
832 1379 974 1441 Phoebus
988 1383 1030 1440 ‘et
1043 1379 1121 1440 audes

340 1463 508 1525 Fatidioum
523 1464 625 1524 verbis
640 1465 746 1526 fallere
759 1465 840 1523 velle
854 1463 968 1524 deum?

298 1549 341 1610 At
354 1547 424 1623 tibi,
441 1549 514 1609 durn
528 1549 644 1609 lactens
659 1547 797 1608 haerebit
811 1548 839 1606 in
856 1547 967 1607 arbore
980 1548 1062 1616 licus,

340 1634 385 1694 De
400 1631 483 1693 nullo
500 1632 620 1708 gelidae
635 1633 717 1692 fonte
731 1631 872 1691 bibentur
886 1635 1008 1707 aquae!

234 1724 285 1780 265
298 1715 389 1778 Dixit
418 1723 462 1791 et,
479 1715 593 1792 antiqui
608 1715 791 1777 monimenta
805 1717 952 1790 perennia
967 1715 1042 1786 lacti,

337 1800 473 1876 Anguis,
489 1801 582 1873 Avis,
599 1799 703 1868 Crater
716 1799 819 1860 sidera
834 1799 936 1860 iuncta
950 1799 1063 1858 micant.
1137 1855 1139 1858 ,

554 2002 604 2066 15.
632 2003 656 2062 F
677 2001 894 2062 LVPERlP

299 2137 399 2196 Tertia
413 2143 485 2212 post
497 2136 570 2196 Idus
585 2137 686 2198 nudos
701 2152 814 2197 aurora
826 2136 986 2210 Lupercos

337 2220 473 2294 Aspicit,
489 2227 519 2281 et
531 2219 626 2280 Fauni
641 2235 730 2280 saera
743 2220 879 2280 bicornis
893 2226 975 2280 eunt.

295 2302 408 2375 Dicite,
424 2302 574 2374 Pierides,
591 2320 749 2365 sacrorum
764 2319 843 2378 quaa
858 2303 898 2364 sit
913 2304 1010 2380 origo,

236 2396 288 2452 alo
342 2388 503 2463 naugerint
516 2387 618 2449 Latias
632 2388 714 2449 unde
729 2388 824 2463 petita
837 2387 970 2448 domost

301 2470 384 2532 Pana
398 2471 490 2533 deum
504 2474 626 2548 pecoris
640 2479 761 2532 veteres
775 2471 912 2532 coluisse
927 2473 1061 2532 leruntur

340 2556 498 2616 Arcadesa
526 2556 668 2616 Arcadiis
683 2555 830 2630 plurimus
846 2555 897 2614 ille
912 2555 1002 2630 iugis.

267 2675 268 2680 κ
299 2640 399 2700 Testis
415 2640 471 2699 en't
484 2638 613 2713 Pholoe,
629 2647 723 2700 testes
739 2638 970 2717 Stymphalides
984 2639 1090 2712 undae,
1169 2687 1170 2736 ,

341 2722 459 2796 Quique
473 2723 540 2782 citis
554 2721 660 2784 Ladon
675 2723 706 2782 in
720 2738 803 2782 mare
817 2722 911 2782 currit
924 2723 1025 2798 aquis,

236 2810 287 2865 2⁷5
304 2804 470 2879 Cinctaque
484 2805 595 2881 pinetis
610 2807 744 2867 nemoris
759 2807 831 2882 iuga
843 2805 1019 2880 Nonacrini,

336 2889 468 2963 Altaque
484 2888 623 2967 Cyllene,
638 2889 879 2966 Parrhasiaeque
892 2891 993 2950 nives.

297 2970 359 3031 Pan
375 2979 439 3032 erat
454 2974 594 3048 armenti,
609 2973 671 3034 Pan
686 2974 747 3034 illio
761 2989 872 3035 nurnen
888 2989 1054 3049 equarum=

339 3055 450 3118 Munus
465 3056 505 3117 ob
520 3058 688 3118 incolumes
703 3058 754 3117 ille
768 3057 884 3117 terebat
898 3072 985 3116 oves.

298 3139 461 3203 Transtulit
473 3140 617 3202 Euander
631 3141 785 3202 silvestria
799 3141 921 3201 numina
935 3156 1053 3202 secum.
1163 3089 1166 3186 l

234 3223 1109 3300 mfflfflmemmfflm

297 3307 372 3367 Inde
387 3308 479 3370 deum
494 3309 637 3383 colimus,
653 3309 843 3384 devectaque
858 3323 947 3368 sacra
961 3306 1105 3384 Pelasgis.

335 3390 461 3452 Flamen
474 3392 514 3452 ad
529 3392 607 3452 haee
622 3393 725 3468 prisco
740 3408 826 3454 more
838 3391 932 3452 Dialis
949 3399 1025 3454 erat.

298 3473 357 3532 (tur
372 3476 463 3549 igitur
477 3483 614 3550 currant,
631 3482 662 3535 et
676 3492 760 3537 cur...
777 3477 822 3536 sic
835 3490 958 3538 currere
972 3491 1044 3536 rnos
1060 3479 1129 3534 est...
