2372 3928
177 233 242 300 alt
568 229 823 295 FASTORUM

193 398 244 456 475
260 388 384 450 Dixerat
397 385 474 446 haec
489 395 560 447 nato
574 391 675 446 motus
692 385 806 444 instare
821 383 953 460 sibique,

300 471 455 545 Multaque
469 477 636 545 praeterea,
658 475 797 545 tempore
813 475 903 530 naeta
916 467 1016 529 iidem.

193 615 202 626 ,
262 555 336 616 Nam
351 553 470 616 iuvenis
485 553 607 614 nimium
621 565 696 612 vera
711 567 779 612 cum
792 559 888 613 matre
903 551 1023 628 rugatus

303 638 422 699 Deserit
431 637 596 698 Arcadiam
610 634 866 711 Parrhasiumque
880 636 984 696 larem.

263 722 317 785 cui
336 719 466 797 genitrix
480 718 565 781 ilenti
580 719 724 780 ‘Fortuna
740 720 876 781 viriiiter’
890 719 996 795 inquit,

194 819 246 876 aaa
302 804 413 879 ‘sista
427 803 743 881 praear,'iaerimast..
759 804 817 864 ista
832 804 960 864 terenda
975 802 1024 864 tibi
1039 809 1087 863 est
1181 831 1182 870 3

264 889 316 952 Sia
330 896 396 950 erat
412 889 442 948 in
457 889 536 950 iatis.
570 903 628 948 nee
641 895 672 949 te
685 893 738 948 tua
752 889 843 964 eulpa
857 887 983 964 fugavit,

306 972 369 1034 Sed
384 973 469 1033 deus.
504 972 625 1034 offensa
639 971 748 1046 puisus
762 986 798 1032 es
812 970 891 1034 urbe
902 971 974 1032 deo.

262 1058 329 1120 Non
351 1055 447 1116 meriti
467 1072 598 1133 paenam
612 1054 742 1132 pateris,
763 1055 820 1117 sed
834 1054 967 1116 numinis
982 1053 1064 1115 iram.

303 1140 359 1200 Est
372 1138 487 1214 aliquid
501 1139 619 1215 maguis
634 1138 748 1199 crimen
762 1138 874 1200 abesse
887 1138 987 1199 maiis.

193 1231 245 1288 435
260 1223 390 1285 Conscia
402 1236 489 1282 mens
504 1229 537 1282 ut
553 1223 664 1298 cuique
678 1237 735 1284 sua
749 1229 812 1299 est,
827 1223 869 1283 ita
883 1221 1020 1299 concipit
1032 1223 1102 1282 intra
1182 1289 1183 1300 ἵ

303 1306 430 1366 Pectora
449 1320 507 1382 pro
522 1307 602 1366 iacto
617 1321 768 1382 spemque
782 1313 956 1382 metumque
974 1321 1041 1366 suo.

263 1389 325 1450 Nea
338 1395 439 1450 tamen
453 1395 487 1450 ut
499 1389 616 1464 primus
629 1404 732 1450 maere
746 1391 825 1450 maia
838 1390 911 1450 tatia
925 1405 1054 1466 passus:

305 1471 410 1534 Obruit
423 1472 562 1548 ingentes
582 1474 643 1534 ista
663 1473 800 1550 prosette
813 1473 907 1534 virosa

262 1558 379 1618 Passus
393 1555 475 1617 idem
489 1564 536 1618 est
547 1557 648 1636 Tyriis
663 1557 894 1634 quiquandam·
904 1557 1013 1636 puteus
1028 1556 1066 1616 ab
1079 1555 1131 1616 aris

196 1650 248 1707 490
304 1641 436 1703 Cadmus
458 1641 488 1701 in
501 1641 608 1703 Aonia
618 1641 752 1702 constitit
765 1641 952 1703 erruii'rumn.

264 1725 377 1786 Passus
397 1725 478 1786 idem
491 1725 616 1804 Tydeia
635 1731 665 1786 et
678 1725 765 1786 idem
773 1725 951 1800 Pagasaeus
964 1725 1065 1796 lason,

305 1809 343 1869 Et
358 1824 436 1884 quos
451 1817 610 1886 praeterea
624 1809 720 1884 langa*
729 1809 845 1870 referre
857 1814 1015 1871 moreest.

266 1891 361 1952 Omne
374 1893 474 1954 salum
491 1893 560 1953 iorti
575 1892 673 1969 patria
686 1900 748 1968 est,
770 1898 804 1954 ut
818 1892 956 1969 piscibus
972 1906 1093 1967 aequor,

178 2015 181 2026 ·
303 1977 342 2038 Ut
358 1977 489 2050 volucri,
509 1991 608 2060 uacuo
625 1976 772 2052 quiequid
786 1976 815 2036 in
834 1975 909 2038 orbe
924 1983 1016 2051 patet.

197 2066 248 2123 495
260 2059 323 2120 Nee
338 2059 583 2134 temtempestas
597 2067 662 2121 tnta
675 2067 777 2120 tamen
791 2060 895 2121 horret
908 2060 939 2119 in
955 2075 1046 2120 anno.

307 2142 346 2203 Et
358 2142 442 2202 tibi...
458 2142 550 2203 ereda
560 2142 673 2203 mihit..
688 2150 828 2221 tempora
840 2145 923 2205 veris
939 2147 1048 2204 arunt?

264 2223 403 2286 vocibus
421 2225 565 2287 Euander
584 2225 703 2289 finnata
716 2234 817 2288 mente
831 2228 967 2304 parentis

307 2309 392 2369 Nave
407 2316 493 2370 senat
505 2307 633 2388 fluetus,
655 2311 899 2388 Hesperiamque
912 2319 1003 2372 tenet.

266 2393 392 2469 Iamque
408 2398 503 2458 ratem
517 2394 627 2456 daetae
641 2395 756 2457 monitu
771 2395 938 2456 carmentis
952 2396 983 2455 in
1000 2409 1117 2455 amnem

196 2486 248 2540 500
302 2477 428 2554 egerat,
444 2487 474 2540 et
486 2477 594 2541 Tuscis
608 2479 719 2541 obvius
734 2479 797 2540 ibat
811 2479 909 2556 aquis.

265 2561 410 2624 Fluminis
424 2563 476 2624 ilia
490 2564 584 2639 latus,
606 2564 654 2624 eui
669 2570 739 2625 sunt
750 2562 832 2624 vada
846 2563 949 2625 iuneta
960 2561 1091 2636 Tarenti,

306 2645 426 2722 Aspicit
439 2652 470 2706 et
483 2662 609 2722 sparsas
624 2663 681 2723 per
693 2649 763 2708 toea
777 2648 845 2709 saia
864 2663 964 2709 nasas.

267 2728 369 2804 thue
380 2735 459 2802 erat,
482 2729 627 2790 immissis
643 2747 778 2808 puppem
792 2731 875 2793 stetit
887 2738 959 2792 ante
970 2729 1104 2806 eapiiiis,

308 2811 522 2890 Continuitque
534 2829 657 2876 manum
671 2822 763 2877 torva
773 2816 909 2892 regentis
923 2816 988 2876 iter.

177 2901 248 2984 ,505
261 2894 299 2957 Et
311 2899 420 2972 procul
433 2896 464 2957 in
479 2897 618 2960 dextram
631 2899 763 2960 tendens
777 2914 835 2962 sna
847 2899 993 2960 branchia
1013 2898 1118 2976 ripam

306 2977 401 3041 Pinea
419 2996 482 3043 non
497 2997 573 3043 sano
589 2990 636 3045 ter
650 2984 731 3060 peda
744 2990 829 3046 texta
841 2985 930 3046 terite·

264 3061 349 3124 lieve
364 3065 450 3126 daret
464 3066 574 3129 saltum
587 3083 758 3144 properans
778 3068 919 3130 insistere
934 3076 1045 3142 terrae,

305 3147 368 3208 Vix
382 3157 432 3212 est
443 3150 579 3212 Euandri
598 3151 713 3227 vixque
726 3159 844 3214 retenta
856 3169 959 3214 manu.

265 3229 389 3307 ‘Di’que
403 3235 589 3310 ‘petitorum’
604 3234 681 3296 dixit
694 3235 824 3297 ‘salvete
837 3238 984 3309 lunarum,

216 3321 247 3377 10
303 3316 409 3391 Tuque
423 3332 523 3380 novos
539 3318 624 3379 eaelo
638 3325 720 3380 terra
733 3319 841 3382 datura
858 3321 944 3394 deus,

264 3395 465 3476 Fluminaque
481 3409 511 3463 et
525 3402 640 3474 santes,
657 3403 768 3478 quibus
783 3406 884 3466 utitur
893 3402 1017 3480 hospita
1030 3405 1138 3484 telius,

306 3481 344 3542 Et
356 3500 514 3550 nemorum
528 3485 683 3564 nymphae
697 3487 903 3565 naiadumque
917 3486 1018 3550 chori!
