2492 3926
436 219 492 290 111,
517 218 694 284 cae-563.

183 370 285 442 Potui,
303 375 333 430 et
347 369 498 432 accumbit
514 387 583 435 cum
598 388 672 446 pare
688 375 820 451 quisque
835 393 901 437 sun.

140 454 206 516 Sub
220 455 296 516 Iove
310 469 383 530 pars
398 455 494 514 durat.
524 456 612 531 pauci
629 459 757 517 tentoria
769 471 901 536 ponunt:

184 536 261 599 Sunt
277 537 388 612 quibus
405 540 530 606 eremis
546 541 674 600 frondea
689 542 769 604 lacta
783 560 856 606 casa
872 554 932 606 est:

140 621 215 683 Pars
230 623 284 684 ubi
298 638 355 697 pro
370 623 477 698 rigidis
497 625 632 685 calamos
647 632 781 688 statuere
796 631 953 702 columis,

72 713 128 768 530
184 707 326 782 Desuper
340 713 478 768 extentas
493 708 667 783 imposuere
680 717 779 785 togas.

142 791 214 850 Sole
229 797 331 851 tamen
352 790 485 867 vinoque
499 793 612 865 calent,
630 809 791 870 annosque
807 805 976 872 precantur,

182 873 262 948 Quot
276 881 397 935 sumant
416 875 563 954 cyathos,
583 877 624 936 ad
639 894 859 955 numerumque
872 881 989 942 bibunt.

141 959 284 1019 invenies
298 959 374 1034 illic,
392 961 444 1036 qui
458 959 597 1022 Nestoris
612 961 714 1022 ebibat
728 979 836 1038 annos,

182 1042 267 1117 Quae
282 1044 321 1104 sit
335 1058 392 1118 per
406 1043 518 1105 calices
533 1045 616 1106 lacta
630 1044 749 1122 Sibylla
763 1063 848 1108 suos.

72 1128 127 1182 535
143 1126 207 1186 1Ηί0
222 1135 253 1188 et
268 1134 404 1202 cantant,
420 1129 567 1204 quicquid
582 1128 716 1190 didicere
730 1131 865 1207 theatris,

181 1211 220 1272 Et
230 1211 343 1273 iactant
357 1212 463 1272 faciles
478 1213 591 1273 adsue
607 1212 700 1272 verba
714 1230 836 1276 manus:

140 1295 178 1354 Et
192 1295 308 1356 ducunt
323 1295 423 1370 posito
440 1297 533 1358 duras
550 1303 667 1359 cratere
683 1296 823 1374 choreas,

183 1379 332 1456 Cultaque
347 1379 469 1442 diffusis
485 1382 575 1446 saltat
589 1380 688 1446 amica
703 1382 809 1443 comis.

142 1464 215 1524 Cum
229 1463 372 1536 redeunt,
388 1464 516 1528 titubant
531 1471 562 1524 et
576 1470 646 1526 sunt
660 1469 837 1539 spectacula
853 1467 943 1542 volgi,

70 1555 127 1608 540
181 1548 221 1609 Et
235 1547 403 1610 fortunatos
419 1548 511 1609 obvia
526 1548 614 1609 turba
629 1555 727 1610 vocat.

141 1629 268 1692 Occurri
283 1648 390 1707 nuper.
419 1634 488 1692 visa
502 1641 550 1694 est
564 1632 636 1692 mihi
650 1632 744 1708 digua
757 1633 853 1692 relatu

178 1715 304 1792 Pompa.
335 1731 440 1776 senem
456 1724 560 1793 potum
576 1725 649 1791 pota
664 1716 802 1776 trahebat
817 1732 903 1776 anus.

139 1797 225 1872 Quae
240 1807 340 1860 tamen
357 1799 434 1860 haee
449 1801 509 1862 dea
522 1802 577 1876 sit,
594 1800 738 1875 quoniam
753 1799 924 1862 rumoribus
940 1808 1028 1874 errat,
1137 1854 1141 1861 .

177 1883 295 1944 Fabula
308 1885 469 1959 proposito
489 1886 573 1945 nulla
585 1885 717 1945 tacenda
730 1898 809 1946 meo.

71 1969 124 2022 545
140 1967 269 2026 Arserat
282 1968 407 2028 Aeneae
422 1968 501 2030 Dido
517 1968 698 2030 miserabilis
714 1968 794 2044 igne,

180 2052 311 2112 Arserat
324 2053 488 2114 exstructis
502 2053 533 2112 in
548 2069 605 2113 sua
620 2053 680 2112 lata
695 2053 793 2127 rogis:

140 2134 400 2211 compositusque
415 2136 508 2213 cinis,
523 2137 691 2212 tumulique
706 2137 735 2196 in
751 2151 902 2197 marmore
917 2152 1037 2198 carmen

179 2219 247 2279 Hoc
261 2219 370 2292 breve,
393 2222 478 2295 quod
492 2221 625 2284 moriens
640 2221 710 2297 ipsa
724 2221 860 2297 reliquit,
875 2229 955 2282 erat:

136 2315 978 2366 raimundensis-ar.cnusnu·uonr1s·nr·ansau

68 2389 125 2450 550
182 2401 805 2450 rrsn·sun·nmo·concmm·usn·unnu

136 2469 282 2533 Protinus
296 2471 443 2534 invadunt
456 2472 605 2532 Numidae
620 2472 687 2532 sine
702 2472 823 2531 vindice
837 2485 973 2545 regnum,

180 2554 220 2614 Et
233 2555 348 2630 potitur
367 2564 457 2631 capta
469 2555 596 2616 Maurus
610 2555 700 2616 Iarba
714 2556 817 2616 domo.

139 2637 368 2714 Sequememor
374 2646 519 2716 spretum,
532 2640 696 2700 ‘Thalamis
704 2643 815 2701 tamen*
828 2637 925 2712 inquit
939 2637 1071 2698 ‘Elissae

179 2721 316 2806 Enego,
332 2739 423 2800 quem
437 2723 548 2785 totiens
563 2724 696 2799 reppulit
711 2724 776 2798 illo,
792 2723 897 2784 fruor!

66 2821 120 2875 555
137 2803 309 2882 Diffugiunt
322 2807 419 2886 Tyrii,
441 2823 502 2883 quo
518 2823 671 2882 quemque
686 2808 857 2882 agitemur.
888 2815 921 2867 ut
936 2805 1005 2866 olim

180 2890 307 2951 Amisso
323 2890 435 2952 dubiae
450 2907 524 2966 rege
539 2899 689 2966 vagantur
702 2907 789 2967 apes.

136 2973 239 3033 Tertia
254 2975 415 3035 nudandas
432 2982 593 3050 acceperat
608 2991 680 3036 area
693 2990 824 3048 messes,

123 3071 129 3080 ’
180 3057 279 3131 Inque
293 3074 387 3118 cavos
402 3058 499 3118 ierant
512 3059 600 3120 tertia
613 3065 715 3121 musta
729 3060 831 3120 lacusz
1030 3125 1034 3134 ,

134 3140 262 3200 Pellitur
275 3145 366 3202 Anna
379 3143 487 3216 domo,
503 3143 729 3218 lacrimansque
745 3142 865 3204 sororia
879 3139 986 3215 linquit

64 3233 121 3289 560
181 3224 315 3286 Moenia.
343 3241 508 3302 germanae
523 3226 602 3287 iusta
616 3227 669 3286 dat
682 3234 753 3287 ante
769 3241 854 3288 suae.

132 3307 233 3368 Mixto
247 3309 354 3372 bibunt
372 3310 481 3370 molles
495 3309 629 3370 lacrimis
647 3317 803 3386 unguenta
816 3307 946 3382 favillae,

180 3392 305 3452 vertice
319 3393 429 3454 libatas
445 3393 661 3469 accipiuntque
675 3409 790 3454 comas.

133 3477 261 3550 Terque
275 3477 395 3537 ‘Valet’
413 3478 503 3552 dixit,
521 3478 639 3538 cineres
654 3485 701 3539 ter
715 3479 756 3539 ad
770 3476 958 3618 00οἹ0010005

812 3567 825 3617 1
