2492 3926
204 166 269 230 310
585 163 846 228 FASTORUM

289 319 409 380 Obstitit
424 317 527 380 Orion.
555 318 673 378 Latona
687 316 851 377 nitentibus
866 321 957 381 astris

304 402 307 418 '
329 403 472 475 Addidit,
490 411 520 464 et
533 401 643 463 ‘Meriti
656 400 806 477 praemia’
822 403 899 464 dixit
913 403 1035 464 ‘habet’

431 535 483 600 12.
506 537 531 596 D
552 535 589 594 11)
607 552 984 598 eventurn-lumine

224 665 275 720 515
290 653 353 716 Sed
370 654 443 731 quid
458 660 488 715 et
504 651 597 713 Orion
612 660 642 712 et
658 658 760 712 551555
774 655 879 715 sidera
894 659 1006 717 mundo

331 737 447 800 cedere
462 737 621 812 festinant,
637 752 762 812 noxque
776 745 894 801 coartat
910 741 986 800 iterl

288 822 366 896 Qud
381 821 471 883 solito
487 820 574 882 citius
593 819 710 896 liquido
730 821 819 882 iubar
833 837 969 900 aequore
983 823 1064 885 tollit

331 906 482 982 candida,
498 904 626 965 lucilero
643 907 876 981 praeveniente,
894 907 983 968 diest

286 989 396 1063 Fallor,
410 1005 449 1049 an
460 1004 545 1048 erma
557 995 687 1049 sonanti
711 987 777 1048 Nou
794 990 933 1064 fallimur,
949 1007 1035 1051 anna
1055 991 1226 1052 sonabantr

223 1078 277 1136 550
331 1074 415 1135 Mars
431 1073 527 1148 venit,
544 1079 574 1132 ct
587 1072 715 1132 veniens
730 1071 842 1134 bellica
856 1077 945 1150 signa
960 1075 1055 1136 dedit.

286 1159 371 1219 Ultor
385 1157 426 1218 ad
440 1157 509 1233 ipse
524 1171 599 1217 suos
616 1157 700 1215 caelo
717 1155 879 1219 descendit
891 1159 1026 1222 honores

327 1241 514 1316 Templaque
528 1240 558 1298 in
574 1241 715 1314 Augusto
731 1241 952 1317 conspicienda
967 1244 1046 1304 loro.

283 1327 322 1388 Et
335 1317 476 1383 deus'est
489 1323 612 1398 ingens,
629 1331 658 1383 51
673 1339 762 1399 opus.
792 1324 924 1388 debebat
937 1327 966 1386 in
986 1325 1063 1387 urbe

325 1409 393 1470 Non
409 1407 495 1469 aliter
508 1407 571 1468 nali
583 1406 667 1468 Mars
683 1407 821 1468 habitare
836 1410 893 1469 sui.

222 1507 272 1560 555
286 1494 386 1570 Digna
402 1491 558 1568 Giganteis
573 1491 651 1551 haec
667 1498 738 1551 sunt
753 1490 880 1553 delubra
893 1495 1046 1569 tropaeis=

325 1578 405 1640 Hinc
419 1578 485 1637 1555
500 1576 665 1637 Gradivum
680 1574 763 1636 bella
774 1592 901 1638 movere
916 1578 1018 1638 decet:

286 1663 348 1724 Seu
367 1660 436 1738 quis
451 1661 489 1722 ab
505 1677 564 1722 eoo
580 1676 638 1722 nos
654 1659 768 1736 impius
784 1659 860 1720 orbe
874 1663 1016 1736 15555551,

327 1745 474 1820 sanquis
490 1745 528 1806 ob
545 1745 674 1806 occiduo
690 1746 757 1805 sole
772 1744 945 1806 domandus
961 1747 1025 1808 erit.

283 1829 436 1906 Prospicit
449 1828 635 1905 armipotens
652 1830 755 1905 operis
771 1830 893 1905 fastigia
913 1831 1029 1906 summi,

221 1923 273 1980 550
327 1915 365 1975 Et
378 1914 490 1990 probat
503 1913 633 1974 invictos
649 1929 768 1974 summa
783 1921 887 1975 tenere
903 1916 990 1976 deos.

285 1998 435 2075 Perspicit
450 1999 480 2058 in
495 1997 613 2059 loribus
630 1999 774 2058 diversae
788 2000 849 2060 tela
864 1999 990 2075 figurae,

325 2085 482 2156 Armaque
497 2089 645 2142 terrarum
655 2082 753 2144 milite
769 2082 850 2143 01515
865 2099 933 2144 500.

284 2165 361 2224 Hinc
375 2164 459 2223 videl
473 2166 598 2224 Aenean
615 2173 772 2228 oneratum
788 2167 926 2243 pondere
939 2182 1012 2229 caro

324 2247 362 2308 Et
376 2253 419 2309 tot
432 2247 535 2308 101555
550 2247 714 2311 nobilitatis
731 2267 824 2313 avos=

219 2332 363 2398 55511155
380 2332 463 2392 videt
474 2329 591 2393 lliaden
605 2333 740 2396 humeris
756 2334 845 2395 ducis
861 2349 946 2395 arma
961 2335 1122 2407 ferentem,

327 2418 475 2492 claraque
491 2416 651 2493 dispositis
667 2425 734 2478 acta
749 2417 881 2480 subesse
894 2418 979 2479 viris.

286 2501 411 2578 Spectat
427 2508 456 2560 ot
474 2502 616 2576 Augusto
632 2509 823 2578 praetextum
837 2501 961 2563 nomine
976 2502 1136 2577 templum,

325 2585 364 2645 Et
377 2584 479 2646 visum
494 2587 572 2645 lecto
589 2585 721 2648 Caesare
736 2586 835 2648 maius
851 2603 940 2663 opus.

282 2669 420 2729 Voverat
433 2668 493 2728 hoo
508 2669 628 2729 iuvenis
642 2676 730 2745 tunc,
746 2686 815 2731 culn
830 2671 883 2746 pia
897 2668 1019 2731 sustulit
1032 2684 1131 2730 arma.

221 2759 273 2815 570
328 2753 358 2810 A
372 2751 462 2811 tantis
476 2749 623 2828 Princeps
638 2753 832 2830 incipiendus
847 2761 921 2814 5551.

285 2835 338 2894 1115
354 2849 462 2895 manus
477 2835 625 2910 tendens,
649 2836 720 2898 hinc
735 2838 826 2898 stanti
841 2838 934 2899 milite
949 2838 1041 2914 iusto,

325 2918 403 2979 Hinc
419 2919 600 2996 coniuratis,
616 2921 688 2981 talia
705 2923 786 2983 dicta
800 2921 900 2982 dedita

284 3001 331 3062 ‘Si
345 3002 417 3062 mihi
432 3004 565 3065 bellandi
579 3012 666 3080 pater
681 3013 729 3068 est
741 3007 919 3081 Vestaeque
934 3004 1085 3065 sacerdos

325 3085 456 3163 Auctor,
474 3095 503 3148 et
516 3088 624 3149 ulcisci
639 3105 751 3150 numen
766 3096 928 3164 utrumque
942 3104 1035 3165 paro=
1050 3111 1053 3118 ·

220 3180 271 3236 575
286 3169 384 3247 Μ555,
401 3172 492 3248 ades,
508 3179 538 3233 51
552 3173 630 3234 55115
643 3177 793 3234 scelerato
810 3173 961 3248 sanguine
976 3173 1101 3248 serrum,

327 3254 454 3331 Stetque
468 3256 557 3316 lavor
571 3272 666 3318 causa
680 3272 736 3333 pro
753 3255 879 3318 meliore
893 3264 975 3318 tuus.

281 3341 408 3414 Templa
422 3339 504 3423 seres
521 3345 564 3413 51,
577 3355 629 3411 ,me
643 3341 777 3415 victore,
793 3340 955 3401 vocaberis
969 3339 1084 3403 Ultor!

326 3424 473 3483 voverat.
504 3428 534 3481 et
552 3421 621 3481 1050
637 3423 734 3484 155105
751 3425 789 3484 ab
804 3424 895 3484 hoste
909 3421 998 3483 redit.
