2450 3932
167 218 209 283 12
473 269 475 278 ,
556 211 785 273 TRISTIUM

272 369 312 430 Et
326 369 397 430 date
413 364 574 440 naufragio
590 363 681 424 litora
699 369 761 424 tutu
776 379 856 426 meo.

230 455 316 515 Neve
333 458 415 512 metu
434 450 513 512 laiso
534 448 657 508 nimium
672 446 838 524 trepidate,
855 448 1004 522 timentes,

272 537 339 596 Hac
355 534 529 598 offendatur
547 547 586 591 ne
604 533 716 608 pietate
737 532 825 592 deus.

160 621 164 628 '
233 621 336 696 Saepe
351 620 445 680 iidem
461 617 603 678 adversis
622 617 712 676 etiam
727 616 864 678 laudavit
882 616 913 676 in
932 613 1034 690 armis,
1099 661 1107 672 .

183 714 220 770 tc
274 705 373 781 Inque
390 703 456 764 suis
473 708 554 762 amat
568 701 649 761 banc
667 700 795 776 caesar,
815 701 846 761 in
861 700 951 762 hoste
965 698 1080 774 probat

234 791 335 850 Causa
352 803 422 848 mea
440 794 489 849 est
501 785 623 860 melior,
644 784 773 861 quinon
793 784 945 848 contraria
960 785 1023 844 lovi

276 875 387 946 Arma,
406 872 464 932 sed
476 871 557 929 hanc
575 869 671 929 merui
693 868 886 943 simplicitate
905 863 1016 944 lugam.
1094 909 1098 914 .

233 957 378 1034 Invigiles
393 955 484 1030 igitur
501 953 614 1012 nostris
630 968 686 1028 pro
705 951 845 1029 casibus,
863 968 928 1028 oro,

275 1038 408 1101 Diminui
427 1037 518 1113 siqua
536 1035 668 1098 numinis
685 1037 731 1098 ira
744 1044 858 1112 potest.

185 1134 220 1190 45
235 1124 322 1185 Scire
340 1137 428 1182 meos
448 1136 540 1182 casus
560 1120 659 1195 siquis
675 1121 832 1182 desiderat
848 1135 964 1194 omnes,

276 1205 364 1281 Plus,
385 1222 477 1282 quam
494 1205 579 1283 quod
594 1204 661 1265 lieri
677 1220 728 1265 res
746 1205 833 1282 sinit,
853 1205 903 1264 ille
919 1205 1003 1280 petit.

233 1292 290 1351 Tot
308 1289 390 1349 mala
408 1305 476 1351 sum
492 1305 622 1364 passus,
641 1295 717 1364 quot
735 1289 767 1349 in
786 1289 909 1350 aethere
925 1287 1029 1348 sidera
1043 1288 1164 1347 lucent

277 1373 437 1448 Parvaque
455 1380 529 1448 quot
548 1373 651 1434 siccus
672 1388 806 1450 corpora
820 1371 923 1450 pulvis
939 1370 1046 1431 habea

233 1458 391 1532 Multaque
406 1457 544 1517 credibili
561 1457 685 1518 tulimus
700 1458 833 1532 maiora,
854 1464 1022 1532 ratamque,

185 1551 222 1604 5ο
277 1541 420 1615 Quamvis
441 1541 621 1614 acciderint,
641 1557 704 1600 non
724 1541 866 1603 habitura
879 1540 981 1602 iidem.

233 1625 311 1685 Pars
331 1625 422 1686 etiam
442 1625 595 1701 quaedam
610 1640 729 1686 mecum
748 1627 894 1687 moriatur
912 1629 1041 1702 oportet,

275 1708 388 1784 Meque
406 1710 500 1770 velim
514 1709 616 1786 possit
632 1708 845 1772 dissimulante
857 1709 929 1786 tegi.
957 1769 958 1773 ,

237 1793 269 1853 Si
290 1809 352 1855 vox
365 1794 528 1870 infragilis,
550 1801 658 1869 pectus
675 1793 748 1854 mihi
767 1793 884 1854 firmius
904 1809 984 1866 aere,

276 1876 429 1953 Pluraque
446 1892 515 1937 cum
534 1877 645 1952 linguis
660 1877 801 1952 pluribus
822 1894 878 1939 ora
893 1879 1006 1939 iorem:

186 1970 220 2024 55
232 1961 301 2021 Non
317 1965 419 2020 tamen
434 1960 549 2021 idcirco
570 1963 790 2035 complecterer
809 1963 911 2032 omnia
924 1961 1036 2034 verbis,

276 2043 404 2104 Materia
419 2045 500 2104 vires
520 2050 729 2120 exsuperante
744 2062 840 2107 meas.

236 2127 295 2187 Pro
317 2127 397 2188 duce
410 2127 524 2188 Neritio
545 2127 628 2188 docti
647 2129 727 2188 mala
744 2138 850 2192 nostra
866 2137 977 2206 poetae

280 2211 424 2272 scribite:
446 2211 559 2272 Neritio
582 2228 653 2272 nam
671 2214 753 2274 mala
769 2217 857 2290 plura
875 2215 940 2276 tuli.

237 2296 291 2356 llle
306 2295 394 2356 brevi
410 2296 511 2372 spatio
531 2297 633 2356 multis
649 2297 762 2358 erravit
777 2299 807 2357 in
828 2299 917 2358 annis

185 2387 221 2442 60
276 2381 358 2441 Inter
371 2380 528 2441 Dulichias
543 2380 717 2456 illatasque
736 2381 862 2444 dumoso

236 2465 299 2526 Nos
320 2467 398 2526 treta
413 2465 567 2526 sideribus
587 2465 658 2526 totis
675 2465 820 2527 distantia
837 2481 963 2527 mensos

273 2549 387 2610 Detulit
401 2551 432 2608 in
450 2549 571 2610 Geticos
589 2549 730 2611 Caesaris
750 2551 797 2611 ira
814 2551 911 2612 sinus.

235 2633 291 2693 Ille
309 2632 415 2692 habuit
433 2632 590 2707 fidamque
609 2649 734 2694 manum
750 2635 918 2711 sociosque
938 2635 1060 2696 fideles:

276 2715 326 2774 Me
341 2717 505 2791 profugum
521 2717 647 2777 comites
668 2717 835 2780 deseruero
853 2719 924 2779 mei.

186 2800 288 2860 651115
304 2813 391 2858 suam
406 2801 504 2860 laetus
524 2800 653 2876 patriam
668 2803 829 2879 victorque
847 2803 985 2879 petebam

277 2883 306 2941 A
324 2883 425 2956 patria
444 2883 528 2958 logio
549 2885 646 2945 victus
662 2891 692 2946 et
706 2888 778 2946 exul
799 2903 867 2962 ego.

235 2966 298 3025 Nee
313 2965 386 3026 mihi
401 2967 573 3028 Dulichium
588 2969 698 3030 domus
717 2976 766 3031 est
780 2971 923 3031 ltbacevc
943 2969 1122 3043 Sameve,...

276 3050 382 3111 Poena
397 3050 508 3124 quibus
528 3069 591 3112 non
607 3059 656 3112 est
669 3055 797 3128 grandis
813 3053 925 3116 abesse
944 3053 1053 3113 locis...

235 3133 297 3196 Sed
314 3149 395 3208 quae
415 3135 454 3194 de
470 3143 587 3210 septem
605 3142 702 3196 totum
720 3138 926 3214 circumspicit
942 3136 1046 3199 orbem

186 3223 221 3280 70
276 3216 449 3293 Montibus,
470 3219 588 3293 imperii
602 3219 700 3279 Roma
716 3222 868 3296 deumque
884 3223 982 3284 locus.

235 3302 282 3363 illi
299 3315 413 3376 corpus
428 3308 495 3362 erat
510 3301 619 3363 durum
639 3304 824 3380 patiensque
840 3306 995 3368 laborum:

277 3383 434 3447 Invalidae
455 3385 536 3446 vires
551 3387 765 3462 ingenuaeque
785 3388 868 3448 milri.
986 3458 989 3462 ,

234 3470 289 3530 1115
311 3475 377 3530 erat
394 3470 522 3530 assidue
538 3471 641 3530 saevis
662 3472 793 3547 agitatus
813 3471 845 3532 in
865 3472 974 3533 armisr
