2372 3928
386 245 416 318 1,
436 243 587 320 oui-11,
606 243 647 308 35

302 477 451 560 LIBER
477 475 750 563 scotinus.

104 613 199 711 lanus
214 649 307 710 habel
322 643 424 710 finem.
461 667 529 711 curn
545 652 677 712 carmine
693 654 802 714 crescit
817 661 846 717 et
861 643 975 721 a'nnus2

143 733 231 794 Alter
243 740 277 795 ul
295 733 346 795 hic
359 735 492 809 mensiS,
516 735 562 796 sic
583 735 748 797 liberalior
767 745 825 800 eat.

103 817 190 879 Nunc
204 818 334 893 primum
349 818 442 893 velis,
459 819 553 895 elegi,
565 820 734 882 maioribus
755 822 821 882 itis:

141 901 307 978 Exiguum,
324 903 459 978 memini,
475 917 576 979 nuper
587 902 679 965 eratis
695 920 784 980 opus.

74 985 171 1062 eipso
185 1000 243 1060 ego
258 1001 317 1046 vos
333 985 425 1047 habui
441 985 546 1047 faciles
561 985 592 1047 in
607 1003 711 1048 amore
725 989 891 1068 ministros,

142 1069 213 1129 Cum
227 1068 302 1130 lusit
315 1069 450 1130 numeris
470 1071 567 1146 prima
580 1071 704 1133 iuventa
719 1073 793 1134 suis.

104 1153 185 1214 Idem
205 1169 296 1214 sacra
311 1168 388 1214 cano
405 1155 587 1230 signataque
600 1162 739 1232 tempora
754 1157 858 1221 lastis:
976 1209 979 1212 .

141 1235 255 1313 Ecquis
270 1237 311 1297 od
325 1237 404 1298 haec
416 1238 499 1298 illinc
513 1239 653 1300 crederet
668 1255 739 1300 esse
753 1241 855 1303 viana

104 1321 184 1382 Haec
198 1335 267 1380 mea
280 1319 385 1382 militia
400 1329 456 1383 est
485 1322 610 1384 ierimus
626 1338 707 1399 quae
721 1341 900 1403 possumus,
915 1341 1007 1404 arma,

14 1447 15 1450 ,
65 1415 91 1466 1⁰
141 1405 315 1478 nexusque
330 1421 392 1466 non
409 1407 490 1466 omni
512 1423 638 1467 munere
652 1415 758 1468 nostra
773 1419 871 1472 vacat.

106 1489 136 1550 Si
148 1487 221 1548 mihi
235 1489 297 1548 non
310 1489 414 1550 valido
430 1495 611 1565 torquentur
624 1491 686 1566 pila
700 1492 824 1568 lacerto,

134 1573 200 1632 ileo
219 1571 374 1634 bellatoris
389 1579 477 1650 terga
490 1578 666 1650 premuntur
681 1576 762 1651 equi,

105 1656 163 1716 Nec
176 1657 267 1732 galea
280 1656 424 1732 tegimur,
440 1672 499 1719 nec
521 1665 611 1720 acuto
634 1659 782 1735 cingimur
797 1676 901 1738 ense„

140 1741 195 1801 His
211 1739 321 1802 habilis
339 1742 410 1802 telis
427 1741 554 1817 quilibet
567 1757 638 1804 esse
651 1749 783 1818 potest...

68 1833 93 1886 15
104 1825 140 1885 At
153 1830 204 1885 tua
219 1825 441 1900 prosequimur,
448 1825 588 1887 studioso
605 1833 745 1902 pectore,
769 1824 891 1903 Caesar,

141 1907 278 1984 Nomina,
295 1924 351 1984 per
364 1909 469 1971 titulos
484 1910 732 1986 ingredimurque
745 1917 826 1972 tuos

107 1991 181 2067 Ergo
202 1991 280 2052 ades
295 1999 326 2053 et
339 1993 461 2067 placido
478 1994 601 2069 paulum
616 2009 684 2054 meo
699 2010 825 2055 munera
838 1996 921 2058 voltu

136 2074 286 2151 Respice,
308 2077 448 2152 pacando
464 2077 491 2137 si
505 2077 578 2152 quid
593 2077 631 2138 ab
646 2077 735 2140 hoste
756 2094 858 2139 vacas.

107 2158 220 2220 Februa
234 2160 363 2221 Romani
379 2161 484 2221 dixere
498 2161 631 2237 piamina
646 2168 758 2236 patres.

68 2250 96 2302 itt
141 2243 227 2304 Nunc
243 2258 367 2319 quoque
382 2244 455 2306 dant
468 2245 563 2306 verbo
580 2246 708 2320 plurima
723 2243 810 2322 signa
825 2246 928 2307 iidem.

108 2326 264 2388 Pontifices
279 2327 317 2388 ab
332 2343 405 2404 rege
420 2335 525 2404 petunt
546 2334 577 2389 et
590 2327 714 2388 flamine
728 2330 823 2403 lanas,

144 2411 216 2486 Quis
235 2417 373 2479 veterum
387 2411 491 2488 lingua
506 2413 613 2473 februo
626 2427 737 2472 nomen
750 2420 823 2472 erat.

110 2492 247 2570 Quaeque
263 2495 344 2572 capit
357 2497 446 2558 lictor
459 2495 602 2557 domibus
617 2496 796 2570 purgamina
811 2503 924 2569 ternus,

141 2577 267 2638 Torrida
282 2595 349 2640 oum
364 2580 443 2642 mica
458 2580 553 2655 lurra,
576 2586 722 2640 vocantur
736 2579 832 2639 idem.

69 2667 96 2720 it
107 2659 217 2722 Nomen
231 2662 313 2722 idem
327 2678 429 2737 ramo,
453 2664 504 2737 qui
520 2679 630 2724 caesus
646 2662 684 2722 ab
700 2663 809 2723 arbore
824 2679 900 2738 pure

144 2745 233 2806 Casta
246 2747 441 2808 sacerdotum
455 2755 594 2824 tempora
608 2747 718 2808 fronde
733 2747 813 2822 tegit.
875 2756 878 2762 ’

107 2827 173 2902 Ipse
187 2845 245 2905 ego
265 2829 449 2892 dominicam
464 2838 644 2907 poscentem
659 2830 765 2894 februa
781 2830 858 2890 vidi:

144 2911 259 2974 Februa
273 2915 411 2990 poscenti
429 2915 521 2991 pinea
534 2915 619 2990 virga
635 2914 707 2974 data
726 2922 782 2975 est.

107 2993 240 3072 Denique
253 2999 469 3073 quodcumque
481 3005 535 3074 est,
553 3015 613 3074 quo
627 3013 759 3072 corpora
770 3003 873 3058 nostro
886 2996 1006 3072 piantur

67 3082 96 3135 30
144 3078 207 3138 Hoc
221 3082 304 3157 apud
320 3081 460 3143 intonsos
475 3097 586 3142 nomen
601 3080 736 3142 habebat
749 3097 837 3142 avos.

15 3167 16 3172 ’
107 3161 216 3224 Mensis
231 3161 269 3224 eb
284 3165 334 3226 his
350 3166 464 3239 dictus,
488 3173 573 3228 secte
589 3166 659 3240 quia
675 3165 754 3240 pelle
769 3163 887 3239 luperci

146 3243 236 3307 Omne
251 3249 350 3309 solum
365 3249 507 3323 lustrant,
530 3250 624 3326 idque
642 3249 764 3326 piamen
785 3247 911 3308 habena

106 3327 164 3388 Aut
178 3331 247 3404 quia
262 3333 390 3408 placatis
405 3340 476 3394 sunt
488 3340 628 3409 tempore
643 3348 719 3409 pura
734 3327 914 3408 sepulchris,

16 3413 17 3416 ’
144 3411 223 3474 Tunc
237 3431 306 3476 cum
322 3416 434 3478 ferales
449 3417 634 3492 praeteriere
648 3416 725 3476 dies.

64 3499 94 3551 ol
108 3492 196 3556 Omne
211 3501 298 3560 nelos
316 3515 499 3576 omnemque
512 3501 583 3560 mali
598 3499 777 3576 purgamina
791 3511 916 3558 causam
