2372 3928
391 245 420 319 l,
438 241 618 308 cib-m

34 405 70 460 tte
82 397 175 458 Sidere
189 395 227 457 ub
244 395 305 458 hoc
318 396 398 473 iguis
413 394 546 457 venienti
560 403 651 458 nocte
666 397 781 460 Leonis

118 480 167 555 Qui
186 480 277 541 micat
290 479 322 541 in
335 480 438 541 medio
452 486 588 557 pectore,
609 495 729 541 mersus
744 482 809 542 crit.

250 613 302 678 nt.
331 613 389 676 Hc
429 611 481 676 25.
500 613 558 676 Ac
600 611 653 676 20.
673 613 729 674 BC

82 729 129 790 ier
141 736 245 805 quater
259 729 361 790 evolvi
375 729 538 806 signantes
547 737 688 806 temporo
702 732 808 807 iustos,

116 811 172 874 ilec
187 811 363 876 Sementiua
376 821 429 874 est
438 813 503 879 ullo
515 805 638 889 iepertu
651 813 735 875 dios=

86 895 146 959 cum
159 896 263 957 mihi...
277 897 376 958 sensit
387 897 499 958 enim...
514 897 595 960 ‘Lux
606 897 685 958 lmec
699 899 862 975 indicitur,’
881 901 979 977 inquit

36 985 71 1040 itt
114 979 197 1042 llusa
212 981 300 1057 ‘quid
314 998 334 1042 a
346 981 438 1043 iestis
453 997 515 1044 nou
531 987 609 1042 stete
623 995 713 1041 sucre
728 982 847 1058 petist‘

84 1062 172 1139 thue
185 1064 384 1150 diesincertu
398 1079 504 1137 sacro,
520 1064 566 1125 sic
579 1070 719 1141 tempore
734 1073 825 1140 certe,

118 1145 289 1209 Seminibus
301 1148 389 1209 iactis
404 1154 452 1209 est
465 1147 517 1208 ubi
531 1148 633 1212 lomus
649 1163 731 1224 eger.

85 1227 155 1292 Stute
167 1232 304 1294 coronati
318 1231 444 1307 plenum
458 1231 500 1292 ed
513 1246 665 1309 praesepe
679 1232 814 1294 iuvenci:
844 1297 848 1302 ⁸

118 1313 184 1374 cnm
197 1315 303 1391 tepirlo
317 1321 454 1376 vestrum
467 1330 542 1376 vere
556 1315 667 1376 redibit
680 1330 771 1393 opus.

36 1399 70 1456 tit
82 1393 209 1460 Rusticus
223 1397 379 1459 emeritum
393 1400 465 1474 pulo
481 1398 652 1474 suspendet
665 1406 797 1461 aratrum

123 1478 213 1542 Omne
226 1481 406 1543 reformidat
419 1481 530 1558 frigida
544 1483 657 1544 volnus
671 1481 793 1545 humus.

84 1562 184 1641 Vilice,
205 1564 246 1626 du
258 1564 396 1641 requiem
409 1572 525 1642 terroe,
545 1572 681 1627 semente
696 1572 833 1641 perucia:

115 1647 156 1707 liu
175 1649 312 1726 requiem
329 1657 441 1711 terrem
455 1650 507 1727 qui
523 1651 658 1724 coluere,
680 1649 763 1711 viris.

84 1726 170 1806 Pagus
185 1739 256 1809 ngat
274 1733 394 1795 iesturn.
429 1749 544 1811 pagum
558 1736 698 1808 lustrate,
720 1733 829 1809 coloni,

36 1813 71 1870 tlu
113 1813 147 1876 lit
159 1816 230 1877 dete
244 1818 375 1894 pegenis
388 1833 491 1879 onnus
505 1817 569 1880 libo
581 1817 670 1878 iocis.

83 1894 227 1962 Placentur
245 1901 364 1984 frugum
380 1909 501 1977 moires,
522 1901 688 1977 Tellusque
701 1899 855 1977 ceresque

114 1980 202 2044 Ferre
215 2001 274 2048 suo
290 1985 436 2062 grevidee
456 1984 692 2060 visceribusque
707 1984 782 2046 suis.

85 2063 209 2129 Ollicium
228 2084 388 2131 commune
403 2068 495 2130 ceres
510 2074 541 2130 et
553 2069 647 2130 Terre
660 2073 793 2130 tuentum

114 2149 194 2213 llaec
206 2153 333 2229 praebet
347 2166 471 2214 cousem
485 2151 640 2229 frugibus,
656 2151 707 2213 ille
721 2152 832 2214 locum.

37 2234 71 2291 tlt
83 2231 231 2298 Consortes
243 2237 356 2314 operis,
376 2251 432 2313 per
446 2251 529 2313 ques·
548 2241 685 2298 correcto
697 2243 844 2310 vetustos,

118 2318 295 2396 Quemeque
309 2321 398 2396 glans
411 2321 496 2382 victo
515 2327 563 2381 est
575 2319 696 2381 utiliore
709 2318 795 2380 cibos

83 2397 218 2477 Frugibus
237 2403 396 2466 immensis
408 2404 518 2466 uvidus
532 2403 640 2465 roiate
655 2402 794 2476 colones,

115 2485 151 2547 Ul
163 2487 288 2563 cupient
298 2488 397 2549 erutus
412 2488 549 2564 praemio
561 2486 654 2563 dignu
667 2485 724 2546 sui.

85 2564 140 2629 Vos
154 2568 226 2632 riute
237 2577 405 2648 perpetuos
421 2571 536 2633 teneris
550 2569 740 2633 sementibus
755 2573 871 2640 auctus,

37 2651 71 2706 tlt
113 2651 171 2714 liec
184 2668 266 2716 nove
278 2670 336 2732 per
348 2654 466 2732 gelidus
480 2654 578 2716 herbo
591 2654 631 2715 sit
645 2660 715 2716 uste
728 2651 825 2712 nives.

85 2732 147 2796 tum
160 2736 304 2813 serimus,
320 2739 437 2800 emtum
451 2737 684 2815 ventiseperite
698 2737 833 2798 sereniss

117 2819 287 2899 cummim,
302 2823 452 2884 uetlreree-
461 2823 597 2900 spargite
610 2837 717 2883 semen
731 2835 823 2897 equo.

84 2899 156 2964 Neve
169 2921 281 2981 graves
295 2907 385 2970 cultis
400 2906 530 2968 cerialis
542 2906 639 2981 done,
661 2911 777 2981 cavete,

116 2987 242 3064 Agmine
255 2993 379 3053 laesuro
393 2990 620 3067 depopulentur
635 3003 720 3050 aves,

37 3067 69 3126 5⁸5
79 3067 136 3138 .V0s
151 3089 282 3150 quoque
302 3073 464 3148 formicae,
487 3073 633 3137 subiectis
647 3071 763 3150 parcite
776 3070 880 3147 granis

115 3153 184 3218 Post
195 3171 331 3220 messem
345 3157 481 3233 praellae
501 3157 591 3234 coptu
603 3155 702 3217 maior
713 3154 780 3216 erit

82 3237 189 3302 intereo
202 3249 323 3304 crescet
336 3242 466 3303 scubrae
479 3240 626 3317 robiginis
642 3253 764 3316 expers,

114 3321 175 3384 llec
188 3325 261 3388 vitio
277 3326 355 3388 caeli
370 3326 484 3401 polleat
496 3340 589 3402 aegre
603 3339 705 3399 seges.

82 3402 116 3465 lit
127 3421 226 3483 neque
241 3409 364 3470 deliciet
377 3409 488 3481 mucio,
512 3423 614 3483 neque
628 3404 770 3484 pinguior
784 3419 885 3480 aequo

37 3485 71 3542 tlt
114 3487 229 3554 Divitiis
249 3499 355 3569 pereat
369 3491 530 3554 luxuriose
544 3491 619 3556 suis.
