2372 3928
310 235 366 308 IV,
390 231 425 309 8,
448 233 569 309 37—9,
593 234 642 298 19.
923 234 981 300 187

35 400 58 453 ln
68 389 152 464 thue
163 404 221 449 nee
233 388 274 449 ud
286 387 441 460 citharam,
454 403 512 448 nee
523 389 562 448 ad
573 404 678 449 ereum
690 387 794 464 segnis
802 389 915 466 Apollo
927 397 983 461 esi,

102 473 158 533 Sed
173 473 255 532 veuit
269 473 309 532 ud
325 487 431 533 sacres
448 487 561 534 nervus
575 481 707 548 uterque
724 489 843 547 manus,

70 555 111 618 Sle
124 553 174 616 libi
188 571 245 616 nee
261 557 359 630 duell,
375 572 433 616 nee
448 556 558 618 desum
577 557 724 632 principis
740 564 831 631 eries,

102 640 188 700 llixlu
201 640 260 700 sed
275 646 324 701 esl
339 639 439 700 animo
455 655 522 700 eum
538 642 611 700 love
625 641 714 701 Musa
730 646 792 702 lue.

71 723 139 797 Quae
152 725 296 800 quonium
310 740 369 785 nee
384 739 442 784 nus
456 726 539 784 unda
554 725 718 786 summovit
731 725 771 784 eb
785 724 844 798 illa,

37 814 61 867 80
99 808 210 882 Ungula
226 807 380 883 Gorgonei
397 825 489 884 quam
504 823 581 868 cava
595 809 666 869 leeil
680 807 760 884 equi,

71 891 166 965 Prosit,
183 906 339 967 opemque
353 893 432 952 leral
445 891 617 952 eommunia
631 908 720 953 suere
733 891 818 963 lueri,

103 977 196 1050 Atque
211 975 309 1035 isdem
331 976 442 1036 studiis
457 975 635 1052 inposuisse
649 991 784 1036 menum:

71 1058 156 1118 Litora
171 1059 283 1134 pellitis
299 1051 421 1119 nimium
436 1060 574 1121 subieelu
589 1059 716 1120 Corallis

104 1143 137 1202 Ul
149 1142 271 1202 landem
288 1159 401 1204 saevos
416 1143 623 1218 effugiumque
638 1143 744 1204 Gelas:

39 1224 227 1301 &Clausaque
241 1227 268 1286 si
283 1226 396 1288 misero
413 1228 510 1302 putria
524 1234 586 1297 esl,
603 1235 636 1287 ul
650 1242 749 1302 ponar
763 1223 793 1285 in
811 1225 872 1298 illo,

105 1309 153 1383 Qui
166 1311 266 1371 minus
281 1310 422 1371 Ausonia
437 1311 528 1371 distel
541 1309 579 1369 eb
594 1309 691 1384 Urbe,
707 1311 786 1385 lueu,

73 1392 144 1452 Unde
156 1400 223 1454 lues
239 1395 359 1470 possim
373 1395 482 1456 leudes
497 1393 653 1455 celebrere
666 1399 805 1453 reeenles

103 1476 268 1553 linguaque
282 1494 374 1553 quem
389 1479 510 1539 minime
525 1479 605 1538 laeta
618 1477 733 1536 referre
750 1492 844 1537 mera.

73 1560 171 1635 langui
188 1561 295 1622 ulline
311 1570 415 1622 volum
430 1563 589 1635 caelestia,
606 1575 676 1620 care
691 1559 786 1633 Suilli,

40 1649 63 1701 lo
103 1644 236 1720 Numina,
252 1661 434 1722 prosocero
451 1661 549 1724 paene
564 1660 691 1720 precare
705 1652 767 1706 luo.

420 1791 567 1798 v-—---—----

38 1824 66 1915 l·
106 1864 346 1926 ennucrnu.

77 1941 249 2057 uidelicet,
265 1998 326 2042 nen
340 1982 423 2042 unde
437 1981 535 2054 iuvet,
551 1980 714 2053 Graeciae,
730 1981 858 2042 salutern

107 2063 186 2125 lilillil
200 2065 238 2124 ab
257 2065 386 2126 Euxinis
401 2067 479 2125 hane
493 2064 546 2126 libi
561 2065 643 2127 Naso
658 2064 758 2125 vadis.

76 2143 228 2224 Missaque,
244 2149 414 2222 dilucium,
430 2164 570 2209 aurorem
586 2155 725 2209 occurrat
743 2148 782 2208 ad
798 2147 887 2221 illum,

106 2229 152 2292 Bis
166 2248 259 2294 senos
274 2233 377 2294 lusees
393 2248 475 2308 quae
494 2231 548 2292 libi
564 2232 660 2307 prime
676 2231 774 2291 dubim
827 2262 829 2266 ·

59 2311 121 2384 wi,
135 2317 274 2391 quoniam
290 2316 357 2377 sine
376 2332 425 2377 me
438 2322 546 2391 iunges
561 2315 711 2391 capitolia
724 2316 831 2375 eonsul

106 2396 138 2459 lli
149 2399 218 2459 iiam
232 2401 338 2462 turbae
350 2416 423 2477 pers
439 2415 496 2474 ego
512 2400 594 2460 nulle
606 2406 685 2473 tuae,
747 2421 755 2428 ·

76 2478 101 2536 ln
113 2481 220 2543 domini
234 2483 343 2544 subeat
359 2491 461 2558 parles
476 2490 507 2543 el
521 2490 656 2559 praestet
671 2482 759 2542 unrici

106 2562 235 2626 Ollieium
250 2567 329 2628 iustu
345 2569 442 2627 lilleru
457 2576 561 2628 nostre
576 2567 635 2626 die.

76 2647 162 2723 ilique
179 2666 236 2726 ego
251 2650 279 2711 si
298 2651 368 2712 lutis
382 2649 502 2726 genitus
519 2649 697 2711 melioribus
711 2663 813 2709 essem

47 2741 68 2794 lu
106 2729 139 2791 Ill
151 2750 217 2794 meu
231 2734 352 2795 sineere
366 2741 501 2794 curreret
516 2749 575 2794 exe
590 2741 666 2807 rote,

78 2812 129 2885 Quo
143 2833 219 2877 nune
233 2824 339 2879 nostru
353 2834 461 2878 manus
476 2834 532 2892 per
546 2818 693 2892 seriptum
708 2815 854 2892 iungitur,
870 2820 953 2876 esset

109 2897 217 2975 Lingua
231 2901 382 2962 salutandi
396 2917 522 2962 munere
535 2902 638 2961 iunclu
651 2900 708 2961 lui:

78 2978 263 3059 arsurusque
278 2985 383 3046 durem
397 3000 467 3045 eum
481 2984 620 3046 dulcibus
636 2984 743 3044 oseulu
757 2983 869 3060 verbis,

108 3065 166 3126 Nee
179 3068 278 3129 minus
293 3069 344 3129 ilie
358 3084 460 3143 meus,
477 3075 667 3144 queminus,
684 3074 769 3128 esset
780 3068 888 3129 honor.

45 3155 65 3206 15
75 3144 132 3220 llla,
147 3153 308 3225 confiteor,
324 3152 371 3213 sie
385 3168 488 3213 essem
502 3152 570 3212 luee
587 3150 748 3228 superbus,

20 3229 21 3240 ’
107 3232 143 3292 Ul
155 3243 278 3310 cuperet
292 3237 389 3297 fustus
404 3237 455 3296 vix
471 3236 581 3296 domus
596 3236 658 3296 ulla
672 3251 773 3297 meos:

74 3311 199 3390 Dumque
213 3319 291 3380 letus
305 3319 404 3380 seneli
421 3319 512 3394 eingil
522 3318 579 3380 libi
591 3320 678 3380 turba
693 3324 827 3396 senalus,

22 3419 23 3468 3
106 3397 240 3464 Consulis
256 3411 326 3464 unle
342 3403 439 3480 pedes
453 3403 497 3463 ire
511 3410 613 3463 tuerer
628 3418 741 3478 equesr

23 3513 24 3540 r
75 3477 104 3539 El
116 3499 294 3562 quemquem
308 3503 452 3564 euperem
467 3502 590 3565 semper
600 3485 654 3547 libi
668 3485 827 3561 proximus
841 3499 923 3556 esse,
