2372 3928
390 212 431 282 ll,
456 209 631 272 see—618.
965 213 1025 279 287

92 363 237 425 Protinus
251 377 271 423 a
284 361 389 436 nabis,
406 378 484 438 quae
500 362 538 422 sit
553 362 611 422 dea
626 361 723 433 Muta,
740 363 889 439 requires.

136 447 244 522 Disce,
259 446 471 522 perantiquus
487 460 566 520 quaa
581 445 653 504 mihi
668 452 741 506 nuta
753 461 856 506 senes.

38 541 80 596 ⁶85
94 531 248 608 Iuppiter,
264 529 410 590 indomito
427 531 567 590 Iuturnae
582 535 691 604 captus
707 545 820 602 amore,

133 615 231 675 Multa
245 613 310 674 tulit
324 619 406 675 tanto
423 629 483 674 non
498 611 642 688 patienda
657 611 726 672 deo.

92 699 148 758 Illa
162 697 257 758 modo
273 697 303 757 in
318 697 405 757 silvis
420 698 498 757 inter
512 697 650 774 coryleta
670 695 790 770 latebat,

131 781 220 842 Nunc
235 781 265 840 in
278 787 424 856 cognatas
440 779 601 841 desiliebat
615 795 722 854 aquas.

95 865 253 926 convocat
266 864 315 924 hic
329 865 500 943 nymphas,
515 863 633 923 Latium
649 878 860 941 quaecumque
873 866 1024 945 tenebant,

40 953 83 1007 atu
134 949 173 1008 lit
186 948 258 1009 iacit
271 947 302 1008 in
316 949 417 1008 medio
433 948 505 1008 talia
519 946 613 1007 verba
628 946 737 1008 choro:

95 1033 228 1092 ‘lnvidet
241 1031 311 1108 ipsa
325 1031 397 1108 sibi,
418 1033 565 1106 vitatque,
582 1031 667 1106 quod
682 1033 873 1108 expeditur,

134 1116 249 1176 Vestra
262 1131 368 1190 soror,
384 1131 505 1177 summa
521 1115 647 1189 iungere
661 1115 882 1200 membraneo.

97 1198 253 1259 consulite
268 1198 432 1261 ambobusr
462 1215 532 1259 nam
547 1213 627 1273 quae
641 1213 710 1258 mea
725 1216 836 1276 magna
850 1201 1002 1278 voluptas,

133 1283 253 1343 Utilitas
269 1290 389 1344 vestrae
404 1284 502 1359 prima
516 1283 633 1345 sororis
649 1282 714 1341 erit.

44 1375 86 1429 tte
97 1367 163 1427 Vos
179 1367 221 1426 illi
235 1367 266 1426 in
287 1367 382 1442 prima
397 1367 524 1442 fugienti
540 1367 678 1428 obsistite
692 1366 768 1441 ripa,

134 1451 178 1510 Ne
193 1467 251 1511 sua
265 1449 410 1512 fluminea
425 1466 558 1527 corpora
571 1455 686 1524 mergat
701 1453 804 1524 aqua!

100 1533 227 1594 Dixerat.
257 1534 427 1595 adnuerant
441 1550 546 1595 ornnes
561 1531 750 1594 Tiberinides
765 1532 853 1606 udae,

136 1616 282 1692 Quaeque
297 1619 400 1679 colunt
413 1619 578 1691 thalamos,
595 1616 649 1676 llia
662 1615 748 1690 diva,
765 1621 844 1675 tuos.

97 1701 184 1761 Forte
197 1701 254 1764 luit
271 1702 353 1775 nais,
366 1702 446 1762 Lara
460 1700 592 1762 nomine.
620 1700 718 1775 prima
732 1699 790 1758 sed
803 1699 844 1758 illi

45 1795 88 1850 600
140 1783 226 1846 Dicta
238 1783 287 1846 bis
303 1785 458 1860 antiquum
473 1785 593 1861 syllaba
606 1787 718 1844 nomen
733 1787 806 1855 erat,

99 1867 142 1927 lix
157 1867 229 1928 vitio
246 1869 387 1944 positum.
418 1868 518 1943 Saepe
533 1868 574 1926 illi
591 1867 710 1926 dixerat
723 1866 813 1926 Alma

134 1951 235 2026 ‘Nata
253 1958 322 2012 tene
336 1952 496 2026 linguam,’
513 1966 570 2011 nec
585 1956 684 2010 tamen
700 1949 752 2008 illa
766 1955 856 2011 tenet.

100 2034 180 2107 Quae
194 2035 284 2095 simul
300 2051 336 2095 ae
352 2036 446 2109 tetigit
458 2035 601 2096 Iuturnae
616 2040 724 2107 stagna
739 2035 864 2108 sororis,

59 2105 67 2130 ‘
139 2117 269 2194 ‘Effuge’
285 2118 326 2179 ait
341 2119 466 2194 ‘ripasl’
482 2117 563 2177 dicta
577 2117 732 2192 refertque
746 2117 839 2178 lovis.

48 2209 91 2264 605
103 2202 155 2260 Illa
168 2202 257 2261 etiam
272 2203 416 2263 lunonem
431 2201 518 2275 adiit,
534 2200 738 2275 miserataque
752 2210 871 2277 nuptas,

138 2285 245 2345 ‘Naida
260 2287 412 2346 Iuturnam
428 2285 474 2345 vir
488 2288 570 2346 tuus’
586 2285 682 2358 iuquit
695 2288 810 2344 ‘amat’

100 2368 230 2445 luppiter
243 2370 394 2441 intumuit,
414 2385 538 2444 quaque
552 2377 599 2431 est
612 2383 674 2428 non
687 2383 745 2428 usa
759 2370 906 2443 modeste,

136 2453 252 2529 Eripuit
265 2453 413 2529 linguam,
430 2453 674 2526 Mercuriumque
689 2458 787 2511 vacat.

101 2536 174 2596 ‘Duc
187 2536 268 2596 hanc
282 2537 323 2598 ad
338 2553 453 2598 manes.
483 2536 571 2597 lucus
590 2536 640 2595 ille
655 2535 812 2596 silentibus
828 2541 927 2610 aptus.

46 2631 89 2688 ilo
139 2620 294 2698 Nympha,
309 2622 367 2682 sed
380 2621 517 2682 infernae
531 2620 668 2701 nympha
683 2618 802 2695 paludis
822 2618 900 2679 erit’

102 2703 186 2764 Iussa
203 2705 283 2766 lovis
298 2705 381 2767 fiunt
410 2707 528 2782 accepit
542 2708 629 2766 lucus
644 2711 761 2764 euntes.

2 2858 3 2864 ἵ
137 2788 251 2848 Dicitur
264 2787 316 2848 illa
334 2790 404 2851 duci
418 2796 489 2851 tnnc
506 2790 659 2866 placuisse
675 2788 743 2848 deo.

2 2873 3 2876 ’
101 2870 164 2930 Vim
178 2879 267 2948 parat
280 2873 345 2946 iric,
362 2875 443 2934 voltu
460 2889 515 2948 pro
531 2872 633 2934 verbis
648 2871 698 2930 illa
716 2878 864 2947 precatur,

138 2954 173 3014 Et
187 2956 301 3017 frustra
314 2964 396 3017 muta
411 2957 514 3018 nititur
528 2972 581 3018 ore
596 2955 690 3029 loqui.

46 3042 89 3098 615
102 3036 207 3113 Fitque
221 3041 339 3116 gravis,
354 3042 555 3116 geminasque
570 3039 663 3116 parit,
687 3037 738 3112 qui
753 3038 885 3112 campita
898 3054 1018 3100 servan.

141 3121 175 3181 lit
190 3123 314 3199 vigilant
331 3132 437 3187 nostra
451 3139 574 3200 semper
588 3125 618 3183 in
632 3121 721 3194 urbe,
737 3121 840 3184 Lares.

451 3257 502 3318 22.
524 3255 579 3316 EC

2 3347 3 3430 l
100 3374 238 3436 Proxima
252 3379 373 3453 cognati
388 3378 493 3438 dixere
508 3378 635 3440 Caristia
650 3378 721 3450 cari,

142 3459 177 3518 m
191 3462 273 3522 venit
287 3461 327 3521 ad
341 3462 444 3523 socios
458 3461 548 3523 turba
562 3462 735 3538 propinqua
749 3460 835 3520 deos.
