<?xml version="1.0" encoding="UTF-8"?>
<!DOCTYPE html PUBLIC "-//W3C//DTD XHTML 1.0 Transitional//EN"
    "http://www.w3.org/TR/xhtml1/DTD/xhtml1-transitional.dtd">
<html xmlns="http://www.w3.org/1999/xhtml" xml:lang="en" lang="en">
 <head>
  <title>
</title>
<meta http-equiv="Content-Type" content="text/html;charset=utf-8" />
  <meta name='ocr-system' content='tesseract 3.04.00' />
  <meta name='ocr-capabilities' content='ocr_page ocr_carea ocr_par ocr_line ocrx_word'/>
</head>
<body>
  <div class='ocr_page' id='page_1' title='image "./povidiusnaso00goog_0149.png"; bbox 0 0 2394 3940; ppageno 0'>
   <div class='ocr_carea' id='block_1_1' title="bbox 181 209 806 286">
    <p class='ocr_par' dir='ltr' id='par_1_1' title="bbox 181 209 806 286">
     <span class='ocr_line' id='line_1_1' title="bbox 181 209 806 286; baseline -0.002 -13"><span class='ocrx_word' id='word_1_1' title='bbox 181 219 242 286; x_wconf 73' lang='lat'>133</span> <span class='ocrx_word' id='word_1_2' title='bbox 574 212 634 274; x_wconf 78' lang='lat' dir='ltr'>iix</span> <span class='ocrx_word' id='word_1_3' title='bbox 658 209 806 275; x_wconf 76' lang='lat' dir='ltr'>Ponto</span> 
     </span>
    </p>
   </div>
   <div class='ocr_carea' id='block_1_2' title="bbox 192 363 1157 3560">
    <p class='ocr_par' dir='ltr' id='par_1_2' title="bbox 192 363 1157 3560">
     <span class='ocr_line' id='line_1_2' title="bbox 221 363 929 444; baseline -0.017 -8"><span class='ocrx_word' id='word_1_4' title='bbox 221 379 256 436; x_wconf 85' lang='lat' dir='ltr'>m</span> <span class='ocrx_word' id='word_1_5' title='bbox 306 367 476 444; x_wconf 84' lang='lat' dir='ltr'>Quasieeit</span> <span class='ocrx_word' id='word_1_6' title='bbox 490 367 580 441; x_wconf 90' lang='lat' dir='ltr'>vires,</span> <span class='ocrx_word' id='word_1_7' title='bbox 603 366 710 440; x_wconf 75' lang='lat' dir='ltr'>Rama</span> <span class='ocrx_word' id='word_1_8' title='bbox 730 363 835 428; x_wconf 87' lang='lat' dir='ltr'>valere</span> <span class='ocrx_word' id='word_1_9' title='bbox 850 371 929 426; x_wconf 84' lang='lat' dir='ltr'>tuas.</span> 
     </span>
     <span class='ocr_line' id='line_1_3' title="bbox 262 447 964 524; baseline -0.014 -10"><span class='ocrx_word' id='word_1_10' title='bbox 262 453 428 516; x_wconf 82' lang='lat' dir='ltr'><strong>Incolumis</strong></span> <span class='ocrx_word' id='word_1_11' title='bbox 444 451 578 514; x_wconf 83' lang='lat' dir='ltr'>coniunx</span> <span class='ocrx_word' id='word_1_12' title='bbox 592 465 651 511; x_wconf 89' lang='lat' dir='ltr'>sua</span> <span class='ocrx_word' id='word_1_13' title='bbox 665 447 839 524; x_wconf 88' lang='lat' dir='ltr'>pulvinaria</span> <span class='ocrx_word' id='word_1_14' title='bbox 852 453 964 513; x_wconf 88' lang='lat' dir='ltr'>servat.</span> 
     </span>
     <span class='ocr_line' id='line_1_4' title="bbox 302 532 930 610; baseline -0.01 -14"><span class='ocrx_word' id='word_1_15' title='bbox 302 537 466 598; x_wconf 78' lang='lat' dir='ltr'>Promovet</span> <span class='ocrx_word' id='word_1_16' title='bbox 479 534 649 598; x_wconf 68' lang='lat' dir='ltr'>Ausonum</span> <span class='ocrx_word' id='word_1_17' title='bbox 664 532 745 596; x_wconf 83' lang='lat' dir='ltr'>fitius</span> <span class='ocrx_word' id='word_1_18' title='bbox 761 533 930 610; x_wconf 86' lang='lat' dir='ltr'>imperium.</span> 
     </span>
     <span class='ocr_line' id='line_1_5' title="bbox 261 617 1036 696; baseline -0.003 -14"><span class='ocrx_word' id='word_1_19' title='bbox 261 621 406 682; x_wconf 79' lang='lat' dir='ltr'><strong>Praeterit</strong></span> <span class='ocrx_word' id='word_1_20' title='bbox 419 622 489 696; x_wconf 90' lang='lat' dir='ltr'>ipse</span> <span class='ocrx_word' id='word_1_21' title='bbox 504 635 579 684; x_wconf 88' lang='lat' dir='ltr'>suas</span> <span class='ocrx_word' id='word_1_22' title='bbox 595 618 695 680; x_wconf 90' lang='lat' dir='ltr'>animo</span> <span class='ocrx_word' id='word_1_23' title='bbox 712 617 908 682; x_wconf 85' lang='lat' dir='ltr'>Germanicus</span> <span class='ocrx_word' id='word_1_24' title='bbox 923 631 1036 692; x_wconf 88' lang='lat' dir='ltr'>annos,</span> 
     </span>
     <span class='ocr_line' id='line_1_6' title="bbox 302 701 925 782; baseline -0.008 -18"><span class='ocrx_word' id='word_1_25' title='bbox 302 705 365 766; x_wconf 86' lang='lat' dir='ltr'>Nee</span> <span class='ocrx_word' id='word_1_26' title='bbox 378 706 468 782; x_wconf 79' lang='lat' dir='ltr'>vigor</span> <span class='ocrx_word' id='word_1_27' title='bbox 482 711 529 765; x_wconf 91' lang='lat' dir='ltr'>est</span> <span class='ocrx_word' id='word_1_28' title='bbox 541 703 632 766; x_wconf 83' lang='lat' dir='ltr'>Drusi</span> <span class='ocrx_word' id='word_1_29' title='bbox 647 701 803 763; x_wconf 89' lang='lat' dir='ltr'>nobiiitate</span> <span class='ocrx_word' id='word_1_30' title='bbox 817 701 925 763; x_wconf 90' lang='lat' dir='ltr'>minor.</span> 
     </span>
     <span class='ocr_line' id='line_1_7' title="bbox 219 785 1060 866; baseline -0.012 -10"><span class='ocrx_word' id='word_1_31' title='bbox 219 795 253 856; x_wconf 81' lang='grc'>75</span> <span class='ocrx_word' id='word_1_32' title='bbox 263 789 355 852; x_wconf 80' lang='lat' dir='ltr'>Adde</span> <span class='ocrx_word' id='word_1_33' title='bbox 368 805 464 851; x_wconf 90' lang='lat' dir='ltr'>nurus</span> <span class='ocrx_word' id='word_1_34' title='bbox 475 795 646 866; x_wconf 75' lang='lat' dir='ltr'>neptesque</span> <span class='ocrx_word' id='word_1_35' title='bbox 660 785 729 862; x_wconf 86' lang='lat' dir='ltr'>pias</span> <span class='ocrx_word' id='word_1_36' title='bbox 744 793 896 860; x_wconf 88' lang='lat' dir='ltr'>natasque</span> <span class='ocrx_word' id='word_1_37' title='bbox 910 791 1060 861; x_wconf 83' lang='lat' dir='ltr'>nepotum</span> 
     </span>
     <span class='ocr_line' id='line_1_8' title="bbox 303 868 1050 951; baseline -0.011 -15"><span class='ocrx_word' id='word_1_38' title='bbox 303 874 472 951; x_wconf 85' lang='lat' dir='ltr'>ceteraque</span> <span class='ocrx_word' id='word_1_39' title='bbox 483 874 641 948; x_wconf 81' lang='lat' dir='ltr'>Augustae</span> <span class='ocrx_word' id='word_1_40' title='bbox 655 868 791 932; x_wconf 87' lang='lat' dir='ltr'>membra</span> <span class='ocrx_word' id='word_1_41' title='bbox 805 872 910 934; x_wconf 82' lang='lat' dir='ltr'>vetare</span> <span class='ocrx_word' id='word_1_42' title='bbox 925 869 1050 931; x_wconf 76' lang='lat' dir='ltr'>donnus.</span> 
     </span>
     <span class='ocr_line' id='line_1_9' title="bbox 260 953 1056 1033; baseline -0.008 -14"><span class='ocrx_word' id='word_1_43' title='bbox 260 958 353 1019; x_wconf 81' lang='lat' dir='ltr'>Adde</span> <span class='ocrx_word' id='word_1_44' title='bbox 366 957 568 1033; x_wconf 89' lang='lat' dir='ltr'>triumphatos</span> <span class='ocrx_word' id='word_1_45' title='bbox 583 955 677 1019; x_wconf 86' lang='lat' dir='ltr'>mado</span> <span class='ocrx_word' id='word_1_46' title='bbox 691 953 840 1030; x_wconf 79' lang='lat' dir='ltr'>Paeonas,</span> <span class='ocrx_word' id='word_1_47' title='bbox 862 953 943 1016; x_wconf 84' lang='lat' dir='ltr'>adde</span> <span class='ocrx_word' id='word_1_48' title='bbox 959 955 1056 1031; x_wconf 81' lang='lat' dir='ltr'>quieti</span> 
     </span>
     <span class='ocr_line' id='line_1_10' title="bbox 302 1036 936 1103; baseline -0.011 0"><span class='ocrx_word' id='word_1_49' title='bbox 302 1041 430 1103; x_wconf 83' lang='lat' dir='ltr'>Subdita</span> <span class='ocrx_word' id='word_1_50' title='bbox 444 1047 607 1102; x_wconf 83' lang='lat' dir='ltr'>arontanae</span> <span class='ocrx_word' id='word_1_51' title='bbox 621 1038 745 1101; x_wconf 74' lang='lat' dir='ltr'>brachia</span> <span class='ocrx_word' id='word_1_52' title='bbox 759 1036 936 1101; x_wconf 88' lang='lat' dir='ltr'>Dalmatiae.</span> 
     </span>
     <span class='ocr_line' id='line_1_11' title="bbox 260 1122 927 1202; baseline -0.009 -14"><span class='ocrx_word' id='word_1_53' title='bbox 260 1127 323 1188; x_wconf 85' lang='lat' dir='ltr'>Nea</span> <span class='ocrx_word' id='word_1_54' title='bbox 338 1126 502 1202; x_wconf 80' lang='lat' dir='ltr'>dedignata</span> <span class='ocrx_word' id='word_1_55' title='bbox 517 1131 564 1186; x_wconf 89' lang='lat' dir='ltr'>est</span> <span class='ocrx_word' id='word_1_56' title='bbox 578 1122 703 1186; x_wconf 80' lang='lat' dir='ltr'>abiectis</span> <span class='ocrx_word' id='word_1_57' title='bbox 718 1122 820 1200; x_wconf 78' lang='lat' dir='ltr'>illyris</span> <span class='ocrx_word' id='word_1_58' title='bbox 835 1122 927 1182; x_wconf 85' lang='lat' dir='ltr'>armis</span> 
     </span>
     <span class='ocr_line' id='line_1_12' title="bbox 218 1206 976 1282; baseline -0.016 -5"><span class='ocrx_word' id='word_1_59' title='bbox 218 1221 254 1277; x_wconf 84' lang='grc'>00</span> <span class='ocrx_word' id='word_1_60' title='bbox 307 1211 491 1271; x_wconf 86' lang='lat' dir='ltr'>Caesareum</span> <span class='ocrx_word' id='word_1_61' title='bbox 505 1209 619 1270; x_wconf 82' lang='lat' dir='ltr'>ramulo</span> <span class='ocrx_word' id='word_1_62' title='bbox 634 1206 747 1268; x_wconf 87' lang='lat' dir='ltr'>vertice</span> <span class='ocrx_word' id='word_1_63' title='bbox 762 1207 841 1269; x_wconf 84' lang='lat' dir='ltr'>terre</span> <span class='ocrx_word' id='word_1_64' title='bbox 855 1207 976 1282; x_wconf 88' lang='lat' dir='ltr'>pedem.</span> 
     </span>
     <span class='ocr_line' id='line_1_13' title="bbox 260 1289 978 1370; baseline 0 -16"><span class='ocrx_word' id='word_1_65' title='bbox 260 1297 332 1370; x_wconf 87' lang='lat' dir='ltr'>Ipse</span> <span class='ocrx_word' id='word_1_66' title='bbox 346 1309 441 1370; x_wconf 90' lang='lat' dir='ltr'>super</span> <span class='ocrx_word' id='word_1_67' title='bbox 455 1309 576 1356; x_wconf 84' lang='lat' dir='ltr'>aurnum</span> <span class='ocrx_word' id='word_1_68' title='bbox 591 1291 714 1369; x_wconf 86' lang='lat' dir='ltr'>placida</span> <span class='ocrx_word' id='word_1_69' title='bbox 731 1289 909 1368; x_wconf 78' lang='lat' dir='ltr'>spectabitis</span> <span class='ocrx_word' id='word_1_70' title='bbox 924 1306 978 1354; x_wconf 86' lang='lat' dir='ltr'>ore</span> 
     </span>
     <span class='ocr_line' id='line_1_14' title="bbox 301 1375 926 1454; baseline -0.006 -16"><span class='ocrx_word' id='word_1_71' title='bbox 301 1380 452 1454; x_wconf 86' lang='lat' dir='ltr'>Tempora</span> <span class='ocrx_word' id='word_1_72' title='bbox 465 1375 609 1440; x_wconf 83' lang='lat' dir='ltr'>Phoebea</span> <span class='ocrx_word' id='word_1_73' title='bbox 623 1376 742 1452; x_wconf 79' lang='lat' dir='ltr'>virgine</span> <span class='ocrx_word' id='word_1_74' title='bbox 756 1390 837 1437; x_wconf 84' lang='lat' dir='ltr'>nexa</span> <span class='ocrx_word' id='word_1_75' title='bbox 851 1375 926 1438; x_wconf 89' lang='lat' dir='ltr'>tulit.</span> 
     </span>
     <span class='ocr_line' id='line_1_15' title="bbox 261 1459 1031 1539; baseline -0.003 -17"><span class='ocrx_word' id='word_1_76' title='bbox 261 1462 356 1536; x_wconf 84' lang='lat' dir='ltr'>Quem</span> <span class='ocrx_word' id='word_1_77' title='bbox 370 1462 423 1539; x_wconf 90' lang='lat' dir='ltr'>pia</span> <span class='ocrx_word' id='word_1_78' title='bbox 435 1461 596 1527; x_wconf 80' lang='lat' dir='ltr'>vobisdum</span> <span class='ocrx_word' id='word_1_79' title='bbox 611 1461 715 1538; x_wconf 88' lang='lat' dir='ltr'>proles</span> <span class='ocrx_word' id='word_1_80' title='bbox 731 1459 886 1522; x_wconf 79' lang='lat' dir='ltr'>comitavit</span> <span class='ocrx_word' id='word_1_81' title='bbox 900 1464 1031 1532; x_wconf 85' lang='lat' dir='ltr'>euntem,</span> 
     </span>
     <span class='ocr_line' id='line_1_16' title="bbox 301 1543 971 1622; baseline -0.006 -16"><span class='ocrx_word' id='word_1_82' title='bbox 301 1546 401 1622; x_wconf 81' lang='lat' dir='ltr'>Digna</span> <span class='ocrx_word' id='word_1_83' title='bbox 414 1554 542 1622; x_wconf 88' lang='lat' dir='ltr'>parente</span> <span class='ocrx_word' id='word_1_84' title='bbox 557 1561 614 1607; x_wconf 89' lang='lat' dir='ltr'>suo</span> <span class='ocrx_word' id='word_1_85' title='bbox 628 1544 866 1620; x_wconf 86' lang='lat' dir='ltr'>nominibusque</span> <span class='ocrx_word' id='word_1_86' title='bbox 881 1543 971 1606; x_wconf 88' lang='lat' dir='ltr'>datis.</span> 
     </span>
     <span class='ocr_line' id='line_1_17' title="bbox 217 1629 1128 1706; baseline -0.007 -12"><span class='ocrx_word' id='word_1_87' title='bbox 217 1629 417 1694; x_wconf 57' lang='lat' dir='ltr'>&amp;Fratribus</span> <span class='ocrx_word' id='word_1_88' title='bbox 434 1631 591 1705; x_wconf 82' lang='lat' dir='ltr'>adsimilis,</span> <span class='ocrx_word' id='word_1_89' title='bbox 616 1646 695 1705; x_wconf 90' lang='lat' dir='ltr'>quos</span> <span class='ocrx_word' id='word_1_90' title='bbox 711 1629 854 1706; x_wconf 85' lang='lat' dir='ltr'>proxima</span> <span class='ocrx_word' id='word_1_91' title='bbox 866 1629 980 1704; x_wconf 87' lang='lat' dir='ltr'>tempta</span> <span class='ocrx_word' id='word_1_92' title='bbox 994 1629 1128 1690; x_wconf 83' lang='lat' dir='ltr'>tenentis</span> 
     </span>
     <span class='ocr_line' id='line_1_18' title="bbox 300 1713 901 1777; baseline -0.008 -2"><span class='ocrx_word' id='word_1_93' title='bbox 300 1716 397 1776; x_wconf 89' lang='lat' dir='ltr'>Divus</span> <span class='ocrx_word' id='word_1_94' title='bbox 413 1715 452 1776; x_wconf 87' lang='lat' dir='ltr'>ab</span> <span class='ocrx_word' id='word_1_95' title='bbox 467 1716 592 1777; x_wconf 81' lang='lat' dir='ltr'>excelsa</span> <span class='ocrx_word' id='word_1_96' title='bbox 607 1714 700 1776; x_wconf 87' lang='lat' dir='ltr'>iulius</span> <span class='ocrx_word' id='word_1_97' title='bbox 716 1713 794 1774; x_wconf 90' lang='lat' dir='ltr'>aede</span> <span class='ocrx_word' id='word_1_98' title='bbox 807 1713 901 1776; x_wconf 85' lang='lat' dir='ltr'>videt.</span> 
     </span>
     <span class='ocr_line' id='line_1_19' title="bbox 259 1796 1049 1874; baseline -0.003 -14"><span class='ocrx_word' id='word_1_99' title='bbox 259 1799 313 1860; x_wconf 90' lang='lat' dir='ltr'>His</span> <span class='ocrx_word' id='word_1_100' title='bbox 328 1799 534 1874; x_wconf 88' lang='lat' dir='ltr'>Messaiiinus,</span> <span class='ocrx_word' id='word_1_101' title='bbox 555 1798 665 1874; x_wconf 92' lang='lat' dir='ltr'>quibus</span> <span class='ocrx_word' id='word_1_102' title='bbox 681 1798 783 1860; x_wconf 90' lang='lat' dir='ltr'>amnia</span> <span class='ocrx_word' id='word_1_103' title='bbox 797 1798 909 1859; x_wconf 82' lang='lat' dir='ltr'>cedere</span> <span class='ocrx_word' id='word_1_104' title='bbox 924 1796 1049 1873; x_wconf 83' lang='lat' dir='ltr'>debent,</span> 
     </span>
     <span class='ocr_line' id='line_1_20' title="bbox 299 1881 971 1958; baseline -0.003 -16"><span class='ocrx_word' id='word_1_105' title='bbox 299 1883 430 1944; x_wconf 92' lang='lat' dir='ltr'>Primum</span> <span class='ocrx_word' id='word_1_106' title='bbox 445 1884 577 1946; x_wconf 86' lang='lat' dir='ltr'>laetitiae</span> <span class='ocrx_word' id='word_1_107' title='bbox 591 1898 653 1942; x_wconf 87' lang='lat' dir='ltr'>nan</span> <span class='ocrx_word' id='word_1_108' title='bbox 668 1889 759 1958; x_wconf 83' lang='lat' dir='ltr'>negat</span> <span class='ocrx_word' id='word_1_109' title='bbox 773 1897 845 1944; x_wconf 87' lang='lat' dir='ltr'>esse</span> <span class='ocrx_word' id='word_1_110' title='bbox 859 1881 971 1943; x_wconf 87' lang='lat' dir='ltr'>laeum.</span> 
     </span>
     <span class='ocr_line' id='line_1_21' title="bbox 260 1965 1157 2044; baseline -0.006 -18"><span class='ocrx_word' id='word_1_111' title='bbox 260 1967 410 2044; x_wconf 81' lang='lat' dir='ltr'>Quicquid</span> <span class='ocrx_word' id='word_1_112' title='bbox 425 1967 463 2028; x_wconf 89' lang='lat' dir='ltr'>ab</span> <span class='ocrx_word' id='word_1_113' title='bbox 478 1967 526 2030; x_wconf 90' lang='lat' dir='ltr'>his</span> <span class='ocrx_word' id='word_1_114' title='bbox 541 1975 693 2044; x_wconf 86' lang='lat' dir='ltr'>superest,</span> <span class='ocrx_word' id='word_1_115' title='bbox 714 1965 842 2028; x_wconf 86' lang='lat' dir='ltr'>venitin</span> <span class='ocrx_word' id='word_1_116' title='bbox 858 1973 1011 2028; x_wconf 79' lang='lat' dir='ltr'>certamen</span> <span class='ocrx_word' id='word_1_117' title='bbox 1028 1965 1157 2027; x_wconf 79' lang='lat' dir='ltr'>amarisr</span> 
     </span>
     <span class='ocr_line' id='line_1_22' title="bbox 217 2050 981 2127; baseline -0.01 -11"><span class='ocrx_word' id='word_1_118' title='bbox 217 2059 252 2116; x_wconf 86' lang='grc'>90</span> <span class='ocrx_word' id='word_1_119' title='bbox 303 2051 368 2111; x_wconf 87' lang='lat' dir='ltr'>Hae</span> <span class='ocrx_word' id='word_1_120' title='bbox 382 2052 539 2114; x_wconf 88' lang='lat' dir='ltr'>hominum</span> <span class='ocrx_word' id='word_1_121' title='bbox 554 2052 628 2112; x_wconf 90' lang='lat' dir='ltr'>nulii</span> <span class='ocrx_word' id='word_1_122' title='bbox 642 2058 729 2127; x_wconf 89' lang='lat' dir='ltr'>parte</span> <span class='ocrx_word' id='word_1_123' title='bbox 744 2050 981 2117; x_wconf 83' lang='lat' dir='ltr'>seeunduserit.</span> 
     </span>
     <span class='ocr_line' id='line_1_23' title="bbox 258 2134 1098 2212; baseline 0.001 -18"><span class='ocrx_word' id='word_1_124' title='bbox 258 2135 345 2194; x_wconf 86' lang='lat' dir='ltr'>Hane</span> <span class='ocrx_word' id='word_1_125' title='bbox 361 2136 441 2194; x_wconf 88' lang='lat' dir='ltr'>eoiet</span> <span class='ocrx_word' id='word_1_126' title='bbox 455 2143 525 2196; x_wconf 89' lang='lat' dir='ltr'>ante</span> <span class='ocrx_word' id='word_1_127' title='bbox 539 2136 629 2210; x_wconf 90' lang='lat' dir='ltr'>diem,</span> <span class='ocrx_word' id='word_1_128' title='bbox 651 2152 713 2211; x_wconf 90' lang='lat' dir='ltr'>qua</span> <span class='ocrx_word' id='word_1_129' title='bbox 727 2135 884 2212; x_wconf 91' lang='lat' dir='ltr'>quondam</span> <span class='ocrx_word' id='word_1_130' title='bbox 897 2134 954 2198; x_wconf 82' lang='lat' dir='ltr'>rite</span> <span class='ocrx_word' id='word_1_131' title='bbox 968 2136 1098 2198; x_wconf 87' lang='lat' dir='ltr'>merenti</span> 
     </span>
     <span class='ocr_line' id='line_1_24' title="bbox 298 2217 911 2296; baseline 0.003 -20"><span class='ocrx_word' id='word_1_132' title='bbox 298 2217 390 2278; x_wconf 87' lang='lat' dir='ltr'>Venit</span> <span class='ocrx_word' id='word_1_133' title='bbox 404 2217 561 2279; x_wconf 89' lang='lat' dir='ltr'>honoratis</span> <span class='ocrx_word' id='word_1_134' title='bbox 577 2219 682 2280; x_wconf 87' lang='lat' dir='ltr'>taurea</span> <span class='ocrx_word' id='word_1_135' title='bbox 697 2219 789 2296; x_wconf 79' lang='lat' dir='ltr'>digna</span> <span class='ocrx_word' id='word_1_136' title='bbox 803 2219 911 2281; x_wconf 80' lang='lat' dir='ltr'>comis.</span> 
     </span>
     <span class='ocr_line' id='line_1_25' title="bbox 258 2301 1019 2380; baseline 0.007 -19"><span class='ocrx_word' id='word_1_137' title='bbox 258 2301 384 2376; x_wconf 81' lang='lat' dir='ltr'>Felices,</span> <span class='ocrx_word' id='word_1_138' title='bbox 410 2301 521 2378; x_wconf 88' lang='lat' dir='ltr'>quibus</span> <span class='ocrx_word' id='word_1_139' title='bbox 537 2310 571 2364; x_wconf 87' lang='lat' dir='ltr'>ot</span> <span class='ocrx_word' id='word_1_140' title='bbox 591 2303 676 2365; x_wconf 86' lang='lat' dir='ltr'>licuit</span> <span class='ocrx_word' id='word_1_141' title='bbox 690 2311 830 2379; x_wconf 81' lang='lat' dir='ltr'>spectare</span> <span class='ocrx_word' id='word_1_142' title='bbox 845 2303 1019 2380; x_wconf 86' lang='lat' dir='ltr'>triumphos</span> 
     </span>
     <span class='ocr_line' id='line_1_26' title="bbox 298 2386 919 2464; baseline 0 -18"><span class='ocrx_word' id='word_1_143' title='bbox 298 2386 336 2447; x_wconf 85' lang='lat' dir='ltr'>Et</span> <span class='ocrx_word' id='word_1_144' title='bbox 351 2387 438 2448; x_wconf 86' lang='lat' dir='ltr'>ducis</span> <span class='ocrx_word' id='word_1_145' title='bbox 455 2401 508 2448; x_wconf 88' lang='lat' dir='ltr'>are</span> <span class='ocrx_word' id='word_1_146' title='bbox 523 2388 600 2450; x_wconf 87' lang='lat' dir='ltr'>deos</span> <span class='ocrx_word' id='word_1_147' title='bbox 616 2387 836 2464; x_wconf 82' lang='lat' dir='ltr'>aequiperante</span> <span class='ocrx_word' id='word_1_148' title='bbox 851 2389 919 2450; x_wconf 83' lang='lat' dir='ltr'>frui.</span> 
     </span>
     <span class='ocr_line' id='line_1_27' title="bbox 216 2470 1045 2548; baseline -0.002 -14"><span class='ocrx_word' id='word_1_149' title='bbox 216 2477 250 2534; x_wconf 82' lang='lat'>95</span> <span class='ocrx_word' id='word_1_150' title='bbox 261 2472 302 2532; x_wconf 87' lang='lat' dir='ltr'>At</span> <span class='ocrx_word' id='word_1_151' title='bbox 315 2471 388 2532; x_wconf 88' lang='lat' dir='ltr'>mihi</span> <span class='ocrx_word' id='word_1_152' title='bbox 403 2470 603 2534; x_wconf 84' lang='lat' dir='ltr'>Sauromatae</span> <span class='ocrx_word' id='word_1_153' title='bbox 617 2489 674 2548; x_wconf 88' lang='lat' dir='ltr'>pro</span> <span class='ocrx_word' id='word_1_154' title='bbox 690 2471 831 2533; x_wconf 81' lang='lat' dir='ltr'>Caesaris</span> <span class='ocrx_word' id='word_1_155' title='bbox 850 2485 904 2533; x_wconf 89' lang='lat' dir='ltr'>are</span> <span class='ocrx_word' id='word_1_156' title='bbox 916 2471 1045 2534; x_wconf 87' lang='lat' dir='ltr'>videndi</span> 
     </span>
     <span class='ocr_line' id='line_1_28' title="bbox 298 2555 1031 2633; baseline -0.004 -15"><span class='ocrx_word' id='word_1_157' title='bbox 298 2558 453 2633; x_wconf 83' lang='lat' dir='ltr'>Terraque</span> <span class='ocrx_word' id='word_1_158' title='bbox 468 2558 554 2633; x_wconf 87' lang='lat' dir='ltr'>pacis</span> <span class='ocrx_word' id='word_1_159' title='bbox 569 2558 662 2632; x_wconf 88' lang='lat' dir='ltr'>inops</span> <span class='ocrx_word' id='word_1_160' title='bbox 676 2556 821 2631; x_wconf 87' lang='lat' dir='ltr'>undaque</span> <span class='ocrx_word' id='word_1_161' title='bbox 834 2555 935 2616; x_wconf 87' lang='lat' dir='ltr'>iuneta</span> <span class='ocrx_word' id='word_1_162' title='bbox 949 2559 1031 2631; x_wconf 80' lang='lat' dir='ltr'>gelu.</span> 
     </span>
     <span class='ocr_line' id='line_1_29' title="bbox 258 2640 1063 2721; baseline 0 -19"><span class='ocrx_word' id='word_1_163' title='bbox 258 2640 290 2702; x_wconf 93' lang='lat' dir='ltr'>Si</span> <span class='ocrx_word' id='word_1_164' title='bbox 305 2641 499 2721; x_wconf 20' lang='lat' dir='ltr'>tannen-haec</span> <span class='ocrx_word' id='word_1_165' title='bbox 514 2641 603 2702; x_wconf 91' lang='lat' dir='ltr'>audis</span> <span class='ocrx_word' id='word_1_166' title='bbox 618 2649 649 2702; x_wconf 92' lang='lat' dir='ltr'>et</span> <span class='ocrx_word' id='word_1_167' title='bbox 662 2656 725 2701; x_wconf 89' lang='lat' dir='ltr'>vox</span> <span class='ocrx_word' id='word_1_168' title='bbox 738 2657 808 2700; x_wconf 88' lang='lat' dir='ltr'>mea</span> <span class='ocrx_word' id='word_1_169' title='bbox 821 2641 961 2715; x_wconf 85' lang='lat' dir='ltr'>pervenit</span> <span class='ocrx_word' id='word_1_170' title='bbox 976 2641 1063 2717; x_wconf 82' lang='lat' dir='ltr'>istae,</span> 
     </span>
     <span class='ocr_line' id='line_1_30' title="bbox 299 2723 902 2799; baseline 0 -15"><span class='ocrx_word' id='word_1_171' title='bbox 299 2723 344 2784; x_wconf 89' lang='lat' dir='ltr'>Sit</span> <span class='ocrx_word' id='word_1_172' title='bbox 357 2730 410 2784; x_wconf 92' lang='lat' dir='ltr'>tua</span> <span class='ocrx_word' id='word_1_173' title='bbox 423 2725 569 2785; x_wconf 87' lang='lat' dir='ltr'>mutando</span> <span class='ocrx_word' id='word_1_174' title='bbox 584 2725 681 2799; x_wconf 85' lang='lat' dir='ltr'>gratia</span> <span class='ocrx_word' id='word_1_175' title='bbox 696 2725 808 2786; x_wconf 88' lang='lat' dir='ltr'>blanda</span> <span class='ocrx_word' id='word_1_176' title='bbox 822 2724 902 2784; x_wconf 85' lang='lat' dir='ltr'>loeo.</span> 
     </span>
     <span class='ocr_line' id='line_1_31' title="bbox 257 2807 1046 2885; baseline 0.006 -19"><span class='ocrx_word' id='word_1_177' title='bbox 257 2807 324 2868; x_wconf 87' lang='lat' dir='ltr'>Hae</span> <span class='ocrx_word' id='word_1_178' title='bbox 336 2813 425 2883; x_wconf 88' lang='lat' dir='ltr'>pater</span> <span class='ocrx_word' id='word_1_179' title='bbox 438 2807 488 2867; x_wconf 90' lang='lat' dir='ltr'>iiie</span> <span class='ocrx_word' id='word_1_180' title='bbox 502 2814 570 2868; x_wconf 92' lang='lat' dir='ltr'>tuus</span> <span class='ocrx_word' id='word_1_181' title='bbox 585 2807 684 2884; x_wconf 91' lang='lat' dir='ltr'>primo</span> <span class='ocrx_word' id='word_1_182' title='bbox 699 2809 772 2870; x_wconf 90' lang='lat' dir='ltr'>mihi</span> <span class='ocrx_word' id='word_1_183' title='bbox 787 2809 886 2870; x_wconf 84' lang='lat' dir='ltr'>cuitus</span> <span class='ocrx_word' id='word_1_184' title='bbox 901 2808 940 2873; x_wconf 90' lang='lat' dir='ltr'>ab</span> <span class='ocrx_word' id='word_1_185' title='bbox 955 2825 1046 2885; x_wconf 85' lang='lat' dir='ltr'>aava,</span> 
     </span>
     <span class='ocr_line' id='line_1_32' title="bbox 194 2889 1026 2970; baseline 0 -17"><span class='ocrx_word' id='word_1_186' title='bbox 194 2899 245 2955; x_wconf 90' lang='grc'>100</span> <span class='ocrx_word' id='word_1_187' title='bbox 295 2889 327 2951; x_wconf 91' lang='lat' dir='ltr'>Si</span> <span class='ocrx_word' id='word_1_188' title='bbox 350 2891 425 2968; x_wconf 89' lang='lat' dir='ltr'>quid</span> <span class='ocrx_word' id='word_1_189' title='bbox 438 2891 530 2952; x_wconf 87' lang='lat' dir='ltr'>habet</span> <span class='ocrx_word' id='word_1_190' title='bbox 544 2909 656 2955; x_wconf 90' lang='lat' dir='ltr'>sensus</span> <span class='ocrx_word' id='word_1_191' title='bbox 670 2893 779 2954; x_wconf 90' lang='lat' dir='ltr'>umbre</span> <span class='ocrx_word' id='word_1_192' title='bbox 794 2893 917 2970; x_wconf 91' lang='lat' dir='ltr'>diserta,</span> <span class='ocrx_word' id='word_1_193' title='bbox 938 2894 1026 2970; x_wconf 85' lang='lat' dir='ltr'>petit.</span> 
     </span>
     <span class='ocr_line' id='line_1_33' title="bbox 256 2976 1037 3054; baseline 0.001 -17"><span class='ocrx_word' id='word_1_194' title='bbox 256 2977 323 3037; x_wconf 88' lang='lat' dir='ltr'>Hae</span> <span class='ocrx_word' id='word_1_195' title='bbox 337 2976 413 3051; x_wconf 91' lang='lat' dir='ltr'>petit</span> <span class='ocrx_word' id='word_1_196' title='bbox 427 2983 458 3036; x_wconf 93' lang='lat' dir='ltr'>et</span> <span class='ocrx_word' id='word_1_197' title='bbox 471 2977 572 3038; x_wconf 89' lang='lat' dir='ltr'>irater.</span> <span class='ocrx_word' id='word_1_198' title='bbox 601 2978 741 3054; x_wconf 89' lang='lat' dir='ltr'>quamvis</span> <span class='ocrx_word' id='word_1_199' title='bbox 757 2978 889 3040; x_wconf 84' lang='lat' dir='ltr'>sortasse</span> <span class='ocrx_word' id='word_1_200' title='bbox 903 2984 1037 3053; x_wconf 89' lang='lat' dir='ltr'>veretur,</span> 
     </span>
     <span class='ocr_line' id='line_1_34' title="bbox 299 3059 866 3124; baseline 0.009 -5"><span class='ocrx_word' id='word_1_201' title='bbox 299 3059 448 3120; x_wconf 81' lang='lat' dir='ltr'>servandi</span> <span class='ocrx_word' id='word_1_202' title='bbox 464 3069 573 3122; x_wconf 81' lang='lat' dir='ltr'>noceat</span> <span class='ocrx_word' id='word_1_203' title='bbox 586 3079 626 3124; x_wconf 88' lang='lat' dir='ltr'>ne</span> <span class='ocrx_word' id='word_1_204' title='bbox 640 3062 694 3124; x_wconf 91' lang='lat' dir='ltr'>tibi</span> <span class='ocrx_word' id='word_1_205' title='bbox 710 3079 783 3124; x_wconf 88' lang='lat' dir='ltr'>eura</span> <span class='ocrx_word' id='word_1_206' title='bbox 797 3062 866 3124; x_wconf 83' lang='lat' dir='ltr'>mei.</span> 
     </span>
     <span class='ocr_line' id='line_1_35' title="bbox 255 3144 1097 3224; baseline 0.002 -21"><span class='ocrx_word' id='word_1_207' title='bbox 255 3144 331 3204; x_wconf 85' lang='lat' dir='ltr'>Tata</span> <span class='ocrx_word' id='word_1_208' title='bbox 344 3144 454 3207; x_wconf 91' lang='lat' dir='ltr'>domus</span> <span class='ocrx_word' id='word_1_209' title='bbox 469 3154 557 3222; x_wconf 84' lang='lat' dir='ltr'>rogat</span> <span class='ocrx_word' id='word_1_210' title='bbox 570 3147 639 3209; x_wconf 87' lang='lat' dir='ltr'>hoe.</span> <span class='ocrx_word' id='word_1_211' title='bbox 673 3162 732 3208; x_wconf 87' lang='lat' dir='ltr'>nee</span> <span class='ocrx_word' id='word_1_212' title='bbox 745 3153 775 3207; x_wconf 93' lang='lat' dir='ltr'>tu</span> <span class='ocrx_word' id='word_1_213' title='bbox 790 3154 881 3222; x_wconf 84' lang='lat' dir='ltr'>potes</span> <span class='ocrx_word' id='word_1_214' title='bbox 897 3147 966 3224; x_wconf 89' lang='lat' dir='ltr'>ipse</span> <span class='ocrx_word' id='word_1_215' title='bbox 981 3159 1097 3222; x_wconf 77' lang='lat' dir='ltr'>negare</span> 
     </span>
     <span class='ocr_line' id='line_1_36' title="bbox 296 3226 880 3309; baseline 0.005 -22"><span class='ocrx_word' id='word_1_216' title='bbox 296 3226 334 3288; x_wconf 82' lang='lat' dir='ltr'>Et</span> <span class='ocrx_word' id='word_1_217' title='bbox 348 3245 405 3291; x_wconf 90' lang='lat' dir='ltr'>nos</span> <span class='ocrx_word' id='word_1_218' title='bbox 421 3230 451 3290; x_wconf 90' lang='lat' dir='ltr'>in</span> <span class='ocrx_word' id='word_1_219' title='bbox 465 3229 573 3292; x_wconf 88' lang='lat' dir='ltr'>turbae</span> <span class='ocrx_word' id='word_1_220' title='bbox 586 3238 673 3309; x_wconf 91' lang='lat' dir='ltr'>parte</span> <span class='ocrx_word' id='word_1_221' title='bbox 688 3231 786 3293; x_wconf 84' lang='lat' dir='ltr'>fuisse</span> <span class='ocrx_word' id='word_1_222' title='bbox 799 3239 880 3294; x_wconf 89' lang='lat' dir='ltr'>tuae.</span> 
     </span>
     <span class='ocr_line' id='line_1_37' title="bbox 192 3313 1000 3392; baseline -0.006 -13"><span class='ocrx_word' id='word_1_223' title='bbox 192 3321 242 3379; x_wconf 82' lang='lat'>105</span> <span class='ocrx_word' id='word_1_224' title='bbox 254 3313 370 3390; x_wconf 82' lang='lat' dir='ltr'>ingenii</span> <span class='ocrx_word' id='word_1_225' title='bbox 384 3322 475 3391; x_wconf 82' lang='lat' dir='ltr'>certe,</span> <span class='ocrx_word' id='word_1_226' title='bbox 500 3331 561 3392; x_wconf 87' lang='lat' dir='ltr'>qun</span> <span class='ocrx_word' id='word_1_227' title='bbox 576 3332 634 3378; x_wconf 87' lang='lat' dir='ltr'>nos</span> <span class='ocrx_word' id='word_1_228' title='bbox 648 3316 728 3377; x_wconf 88' lang='lat' dir='ltr'>maie</span> <span class='ocrx_word' id='word_1_229' title='bbox 743 3316 897 3378; x_wconf 88' lang='lat' dir='ltr'>sensimus</span> <span class='ocrx_word' id='word_1_230' title='bbox 911 3329 1000 3389; x_wconf 88' lang='lat' dir='ltr'>usos,</span> 
     </span>
     <span class='ocr_line' id='line_1_38' title="bbox 296 3396 959 3479; baseline 0 -20"><span class='ocrx_word' id='word_1_231' title='bbox 296 3396 420 3461; x_wconf 76' lang='lat' dir='ltr'>Artibus</span> <span class='ocrx_word' id='word_1_232' title='bbox 436 3399 584 3476; x_wconf 84' lang='lat' dir='ltr'>exeeptis,</span> <span class='ocrx_word' id='word_1_233' title='bbox 607 3416 703 3477; x_wconf 87' lang='lat' dir='ltr'>saepe</span> <span class='ocrx_word' id='word_1_234' title='bbox 717 3400 864 3479; x_wconf 88' lang='lat' dir='ltr'>probator</span> <span class='ocrx_word' id='word_1_235' title='bbox 878 3415 959 3461; x_wconf 89' lang='lat' dir='ltr'>eras.</span> 
     </span>
     <span class='ocr_line' id='line_1_39' title="bbox 254 3483 1050 3560; baseline -0.001 -17"><span class='ocrx_word' id='word_1_236' title='bbox 254 3484 316 3544; x_wconf 87' lang='lat' dir='ltr'>Nee</span> <span class='ocrx_word' id='word_1_237' title='bbox 331 3499 408 3560; x_wconf 90' lang='lat' dir='ltr'>mea,</span> <span class='ocrx_word' id='word_1_238' title='bbox 431 3485 586 3545; x_wconf 89' lang='lat' dir='ltr'>sitantum</span> <span class='ocrx_word' id='word_1_239' title='bbox 600 3491 729 3560; x_wconf 82' lang='lat' dir='ltr'>peecata</span> <span class='ocrx_word' id='word_1_240' title='bbox 743 3483 913 3547; x_wconf 85' lang='lat' dir='ltr'>novissima</span> <span class='ocrx_word' id='word_1_241' title='bbox 928 3485 1050 3558; x_wconf 88' lang='lat' dir='ltr'>demas,</span> 
     </span>
    </p>
   </div>
   <div class='ocr_carea' id='block_1_3' title="bbox 0 0 1202 3940">
    <p class='ocr_par' dir='ltr' id='par_1_3' title="bbox 0 0 1202 3940">
     <span class='ocr_line' id='line_1_40' title="bbox 0 0 1202 3940; baseline 0 1"><span class='ocrx_word' id='word_1_242' title='bbox 0 0 1202 3940; x_wconf 95' lang='lat' dir='ltr'> </span> 
     </span>
    </p>
   </div>
  </div>
 </body>
</html>
