2372 3928
175 233 236 296 220
549 233 573 294 F
579 230 805 295 ASTORUM

151 433 156 438 .
255 386 293 447 Ft
307 391 430 446 careant
443 383 524 445 loliis
540 384 648 444 oculos
663 384 839 445 vitiantibus
854 383 929 459 agri,

296 468 359 530 Nec
372 468 485 529 sterilis
501 468 582 528 culto
599 475 704 543 surgat
718 482 819 528 avena
833 467 912 528 solo.

254 553 400 613 Triticeos
416 552 532 626 lactus,
556 566 753 628 passuraque
775 553 856 612 lama
870 550 918 611 bis
934 550 1043 628 ignem,

242 686 246 692 .
296 635 482 711 Hordeaque
496 636 611 710 ingenti
628 635 757 696 foenore
771 635 882 695 reddat
896 641 984 709 eger!

185 728 237 785 695
250 721 335 786 Haec
349 735 408 795 ego
422 734 479 796 pro
500 718 602 780 vobis.
630 719 708 780 haec
724 733 783 780 vos
798 724 903 794 optate
917 719 1030 795 coloni,

295 802 480 879 Eliciatque
498 810 582 864 ratas
598 801 726 880 utraque
740 802 812 862 diva
826 816 947 879 preces.

255 886 341 948 Bella
355 887 409 949 diu
420 894 547 948 tenuere
562 887 656 948 viros.
692 892 757 947 crat
771 885 872 962 aptior
886 884 971 946 ensis

295 972 439 1032 Vomene.
475 970 605 1032 cedebat
617 977 722 1032 munaus
738 977 841 1031 arator
860 985 952 1046 equo.

256 1054 385 1117 sarcula
398 1053 579 1129 cessabant,
600 1053 747 1128 versique
759 1054 792 1114 in
806 1054 870 1130 pila
891 1054 1021 1128 ligones,

185 1147 237 1202 200
292 1138 447 1215 Factaque
462 1138 501 1198 de
515 1138 605 1199 rastri
620 1137 760 1215 pondere
774 1131 875 1198 cassis
890 1144 963 1198 erat.

256 1223 358 1283 Gratia
372 1222 421 1282 dis
435 1223 603 1298 domuique
616 1228 702 1296 tuae,
723 1221 853 1296 religata
868 1221 983 1282 catenis

296 1305 479 1382 Iampridem
490 1312 594 1366 vestro
610 1305 668 1366 sub
684 1303 765 1381 pade
779 1304 862 1366 bella
876 1305 985 1365 iacent.

256 1389 319 1451 Sub
334 1388 407 1464 iuga
419 1388 478 1451 bos
493 1389 611 1462 veniat,
634 1388 693 1450 sub
708 1395 806 1450 terras
822 1404 928 1449 semen
942 1393 1050 1450 araas.

294 1472 357 1534 Pax
373 1473 514 1534 cererem
527 1473 629 1535 nutrit.
663 1471 750 1549 pacis
765 1474 886 1548 alumna
901 1471 1002 1534 ceres.

452 1605 503 1670 27.
526 1607 577 1669 00
611 1601 663 1667 28.
684 1605 740 1668 DC
774 1603 826 1668 29.
847 1605 902 1667 FF

187 1730 237 1789 70⁶
251 1725 292 1786 nt
306 1739 385 1800 quae
399 1732 542 1786 maturas
558 1724 725 1801 praecedet
743 1730 833 1785 sexta
848 1723 1014 1802 Kalendas,

296 1809 362 1870 Hac
376 1816 449 1870 sunt
460 1809 591 1870 Ledaeis
606 1809 720 1884 templa
734 1806 836 1868 dicata
852 1808 929 1871 deis.

256 1892 411 1956 Fratribus
426 1893 478 1954 illa
492 1893 559 1954 deis
575 1894 683 1954 iratres
699 1892 843 1968 degente
858 1891 986 1955 deonam

297 1975 385 2038 circa
397 1977 539 2040 lutumae
552 1990 757 2053 composuere
770 1977 868 2039 lacus.

517 2109 568 2171 ³0.
587 2110 655 2170 FN)
694 2108 746 2174 31.
769 2110 834 2173 GC.

256 2229 361 2305 Ipsum
375 2243 434 2289 nos
449 2241 571 2287 carmen
587 2226 715 2288 deduxit
726 2227 815 2289 Pacis
831 2229 872 2289 ad
886 2243 979 2288 aram.

188 2316 241 2375 llo
294 2311 378 2373 llaec
400 2311 456 2372 erit
471 2327 491 2372 a
504 2311 619 2372 mensis
634 2311 696 2372 line
710 2313 848 2374 secunda
862 2312 938 2373 dies.

254 2395 427 2458 Fraudibus
440 2395 576 2458 Actiacis
592 2403 733 2472 comptos
747 2395 890 2458 redimite
910 2395 1038 2472 capillos

295 2479 359 2541 Pax
374 2483 465 2556 ades,
485 2487 515 2540 et
529 2487 593 2543 toto
609 2480 690 2542 mitis
704 2480 736 2540 in
751 2480 826 2542 orbe
839 2495 939 2541 mane.

255 2565 334 2625 Dum
347 2565 453 2640 desint
462 2564 585 2642 hostes,
607 2564 687 2626 desit
703 2579 827 2642 qaoque
842 2569 938 2638 causa
952 2560 1098 2640 triumphi.
1165 2571 1166 2578 ’

296 2648 341 2710 Tu
355 2648 485 2710 ducibus
499 2648 580 2711 bello
595 2650 693 2724 gloria
706 2649 804 2710 maior
825 2649 897 2710 eris.
920 2701 921 2708 ,

188 2737 239 2793 715
255 2730 329 2792 Sola
343 2738 429 2808 gerat
442 2731 529 2792 miles
545 2731 656 2806 quibus
672 2749 758 2794 arma
772 2740 929 2809 coerceat,
946 2749 1037 2808 arma,

297 2814 501 2891 canteturque
514 2816 581 2876 iera
593 2815 637 2876 nil
651 2817 710 2877 nisi
726 2833 841 2895 pompa
854 2819 936 2880 tuba.

253 2897 383 2961 Horreat
396 2899 561 2962 Aeneadas
578 2907 609 2962 et
625 2901 741 2977 primus
763 2908 794 2962 et
811 2902 934 2964 ultimus
950 2901 1050 2962 orbis=

297 2981 392 3059 Siqua
406 2999 515 3060 parum
527 2986 658 3047 Romam
671 2991 753 3046 terra
766 2986 899 3058 timebat,
921 2993 1010 3047 amet.

253 3065 348 3141 Tura,
369 3068 562 3144 sacerdotes,
582 3069 743 3130 Pacalibus
758 3069 862 3131 addite
876 3068 1016 3144 dammis,

185 3158 236 3214 ino
288 3149 429 3228 Albaque
444 3154 571 3229 perlusa
583 3153 707 3214 victima
722 3153 822 3216 fronte
837 3153 937 3215 cadat

252 3231 354 3308 thue
369 3234 489 3312 domus,
506 3243 737 3314 quaepraestat
752 3253 829 3312 eam,
846 3255 917 3300 cum
933 3252 1010 3314 pace
1025 3237 1158 3313 perennet

292 3318 344 3379 Ad
359 3319 411 3395 pia
423 3336 599 3396 propensos
620 3328 693 3383 vota
706 3329 815 3398 rogate
832 3323 921 3384 deos.

253 3397 316 3462 Sed
330 3400 391 3464 iam
405 3403 503 3480 prima
519 3405 578 3466 mei
593 3421 666 3482 pars
681 3412 729 3467 est
742 3413 852 3468 exacta
865 3405 989 3479 laboris,

295 3484 430 3564 Cumque
445 3505 502 3549 suo
518 3488 610 3550 finem
624 3505 732 3551 mense
746 3489 868 3550 libellus
882 3488 981 3549 habet.

565 3585 779 3601 n—--u
