2394 3940
396 247 440 322 V,
463 246 499 313 2.
520 243 636 310 5-78.

94 399 217 474 Viderit,
232 396 303 475 ipse
318 413 454 474 sacram,
471 397 612 475 quamvis
626 397 762 478 invisus,
776 401 818 463 ad
831 417 913 465 aram

134 482 318 558 confugiam.
354 484 454 544 nullas
468 487 640 544 summovet
654 500 707 545 ara
720 501 839 548 manua.

50 660 80 714 to
94 653 247 727 Adloquor
260 667 299 712 en
314 651 429 713 absens
444 652 584 713 absentia
598 653 722 713 numina
736 655 877 731 supplex,

134 736 223 798 Silas
237 740 287 796 est
300 735 416 796 homini
431 752 501 798 cum
514 737 590 797 Iove
605 753 702 814 posse
717 738 812 815 loqui.

96 821 209 882 Arbiter
221 820 358 896 imperii,
374 834 436 896 quo
452 827 567 882 certum
582 828 630 882 est
644 822 764 899 sospite
779 827 906 882 cunctos

132 903 287 965 Ausoniae
301 919 406 964 curam
420 905 520 981 gentis
534 903 649 965 habere
664 905 752 980 deos,

98 987 239 1063 Odecus,
256 989 410 1065 opatriaa
424 1005 482 1066 per
494 995 525 1050 te
539 988 678 1050 florentis
694 988 805 1065 imago,

53 1081 82 1133 to
131 1071 152 1132 0
168 1072 292 1133 airaon
307 1072 395 1149 ipso,
411 1089 502 1150 quem
515 1073 614 1149 regis,
629 1073 704 1134 orbe
718 1075 831 1134 minor!

96 1154 140 1217 Sic
151 1155 271 1217 habites
284 1163 384 1219 terras
398 1163 430 1219 el
441 1164 473 1219 te
487 1157 643 1219 desideret
656 1156 769 1232 aether,

131 1239 179 1302 Sic
193 1241 235 1301 ad
249 1247 342 1317 pacta
355 1239 410 1304 tibi
425 1241 529 1302 sidera
541 1241 648 1303 modus
664 1257 728 1316 eas,

94 1325 194 1399 Parce,
211 1341 338 1401 precor,
354 1325 571 1402 minimamque
584 1331 638 1387 tuo
652 1326 692 1386 de
706 1324 830 1388 iulmina
845 1332 962 1404 partem

129 1411 237 1472 Deme!
273 1409 351 1471 sotis
366 1425 487 1486 poenae
502 1410 587 1487 quod
601 1411 774 1486 superabit,
788 1410 854 1472 erit.

53 1503 80 1554 55
91 1494 132 1554 Ira
145 1494 270 1570 quidem
280 1495 440 1555 moderata
452 1500 505 1555 tua
519 1500 582 1569 est,
597 1494 754 1572 vitamque
768 1494 890 1570 dedisti,

129 1578 189 1639 llec
202 1576 278 1638 mihi
292 1577 341 1639 ius
356 1577 450 1654 civis,
465 1592 524 1639 nec
537 1577 610 1638 mihi
624 1593 736 1640 nomeu
748 1576 851 1640 abest2

93 1661 148 1724 Nec
159 1677 231 1722 mea
244 1677 398 1724 concessa
411 1668 460 1723 est
473 1662 542 1723 aliis
556 1663 692 1738 fortuna,
708 1678 765 1724 nec
781 1665 853 1724 exul

127 1744 225 1806 Edicti
237 1746 343 1807 verbis
357 1745 500 1808 nominor
512 1747 581 1824 ipse
595 1747 649 1807 tui.

95 1828 255 1907 Omniaque
268 1829 347 1891 haec
361 1830 462 1906 timui,
479 1829 625 1908 quoniam
639 1829 790 1891 meruisse
805 1829 945 1890 videbar.

55 1918 82 1973 do
128 1913 188 1975 Sed
200 1921 255 1976 tua
268 1921 397 1991 peccato
412 1915 511 1976 lenior
523 1915 569 1975 ira
582 1931 652 1975 meo
668 1920 724 1976 est.

93 1997 168 2059 Arva
179 1999 348 2075 relegatum
363 1999 482 2061 iussisti
496 1999 599 2061 visere
611 1998 708 2073 Ponti,

128 2081 164 2142 let
177 2081 358 2160 Scythicum
377 2085 510 2160 profuga
524 2081 667 2145 scindere
681 2099 787 2160 puppe
802 2084 921 2144 fretum.

93 2165 190 2227 Iussus
205 2168 247 2228 ad
259 2167 371 2230 Euxini
387 2167 537 2229 deformia
550 2166 639 2228 litora
653 2168 725 2228 veni

127 2251 291 2327 Aequoris.
327 2251 405 2312 haec
420 2252 523 2328 gelido
538 2257 620 2313 terra
634 2251 692 2312 sub
707 2267 766 2312 axe
777 2251 865 2311 iacet.

55 2338 81 2393 65
92 2331 146 2395 llec
160 2351 208 2396 me
226 2342 288 2396 tam
303 2335 420 2397 cruciat
433 2349 602 2412 numquam
621 2335 688 2396 sine
703 2335 817 2411 frigore
832 2333 964 2409 caelum,

129 2418 285 2496 Glebaqua
300 2419 421 2481 canenti
436 2435 561 2496 semper
575 2419 686 2480 obusta
700 2419 780 2495 gelu,

92 2501 258 2579 Nescioque
273 2510 321 2565 est
333 2505 423 2566 vocis
439 2505 525 2580 quod
542 2503 675 2565 barbara
689 2503 792 2578 lingua
805 2501 939 2576 Latinae,

128 2587 281 2664 Graiaque
295 2589 381 2665 quod
401 2588 508 2650 Getico
521 2589 603 2650 victa
618 2587 754 2663 loquella
769 2600 847 2647 sono
863 2592 918 2659 est,

92 2669 179 2745 Quam
194 2673 280 2749 quod
294 2672 422 2734 finitimo
437 2673 554 2734 cinctus
570 2687 695 2749 premor
708 2670 845 2747 undique
858 2669 963 2744 Marte,

55 2758 80 2814 lo
125 2756 247 2834 Vixque
260 2757 365 2818 brevis
379 2763 463 2820 tulos
478 2774 584 2820 murus
598 2757 637 2818 ab
651 2757 742 2818 hoste
757 2755 838 2816 lacit.

89 2837 146 2900 Pax
159 2847 262 2902 tamen
277 2842 430 2903 interdum
443 2848 501 2904 est.
537 2842 625 2918 pacis
639 2841 755 2902 fiducia
767 2855 942 2915 numquam.

126 2923 179 2985 Sic
192 2925 244 2986 hic
262 2942 344 2987 nuuc
358 2927 485 3003 patitur,
501 2941 583 2988 nunc
596 2925 681 2986 limet
695 2941 779 2986 arma
793 2925 890 2985 locus.

89 3007 161 3070 llinc
176 3024 236 3085 ego
249 3011 324 3071 dum
336 3018 451 3084 muter,
471 3013 522 3072 vel
536 3026 585 3071 me
599 3009 751 3070 Zanclaea
766 3007 940 3086 charybdis

123 3093 260 3156 Devorel
274 3100 368 3171 alque
383 3095 450 3156 suis
465 3095 505 3156 ad
521 3094 618 3174 Styga
633 3094 730 3155 mittat
744 3091 844 3167 aquis,

55 3176 76 3234 lt
86 3174 138 3237 llel
151 3178 283 3254 rapidae
297 3178 430 3241 flammis
444 3196 517 3241 urar
535 3179 691 3257 patienter
700 3177 731 3239 in
747 3177 876 3249 Aetnae,

119 3261 182 3322 Vel
196 3262 274 3324 lreta
286 3263 432 3326 Leucadii
447 3264 547 3324 mittar
560 3262 591 3322 in
602 3262 663 3324 alta
678 3262 738 3323 dei.
958 3259 1020 3337 [so,

22 3373 23 3402 ι
86 3343 169 3419 Quod
179 3348 335 3425 petimus,
347 3364 451 3426 poena
461 3355 518 3410 est.
538 3346 732 3423 nequeenim
743 3344 1017 3407 miscresserecu·

22 3427 23 3512 ζ
121 3429 189 3492 Sed
203 3447 332 3510 precor,
346 3438 380 3494 ut
393 3431 514 3511 possim
527 3431 621 3493 tutius
634 3447 706 3492 esse
720 3429 824 3491 miser.
