2450 3932
581 236 807 299 Tuistttltl

316 395 439 455 Belides
455 399 485 452 ct
498 393 602 453 stricto
618 389 768 450 barbarus
783 404 858 448 cnse
873 395 970 465 pater,

278 481 423 554 Quaeque
438 476 494 536 viri
509 477 601 537 docto
616 482 737 534 veteres
753 489 886 549 coepere
900 475 1036 550 novique

314 564 454 633 Pectore,
472 560 595 621 lecturis
611 557 804 634 inspicienda
819 565 933 632 patent.

230 657 264 712 65
280 646 467 723 Quaerebam
482 641 601 717 iratres,
619 642 758 718 exceptis
772 641 889 703 scilicet
903 641 972 715 illis,

320 732 402 806 Quos
418 745 494 792 suus
511 735 630 806 optaret
644 744 704 787 nou
720 725 866 802 genuisse
881 741 1004 802 pareus.

280 817 478 890 Quaereutem
493 815 604 875 trustra
619 818 724 872 custos
740 826 757 870 e
772 809 899 872 sedibus
915 810 976 872 illis

321 899 519 975 Praepositus
535 904 641 958 sancto
657 895 745 956 iussit
760 893 846 954 ubire
860 895 940 954 loco.

230 987 250 1014 “
279 985 384 1044 Altera
396 983 510 1058 templu
525 989 611 1056 peto,
627 979 728 1039 vicino
744 979 848 1040 iuncta
862 977 996 1040 theatro:

233 1075 267 1131 70
322 1069 405 1127 llaec
422 1082 545 1140 quoque
559 1071 646 1125 erant
660 1062 792 1140 pedibus
807 1079 869 1124 nou
885 1062 1029 1124 adeunda
1042 1064 1132 1124 meis.

280 1153 342 1211 Nec
358 1167 420 1225 me,
438 1165 517 1224 quae
532 1149 631 1210 doctis
646 1155 809 1225 patuerunt
824 1148 922 1223 prima
938 1145 1056 1222 libellis

318 1235 403 1295 Atria
417 1235 553 1294 Libellus
568 1240 694 1309 tangere
708 1249 805 1308 passa
820 1248 877 1292 suu
892 1239 949 1293 est.

279 1321 312 1379 lu
329 1335 426 1394 genus
441 1319 574 1380 auctoris
589 1318 693 1379 miseri
708 1318 830 1378 fortuna
844 1315 1004 1390 redundat,

317 1404 355 1464 Et
369 1405 499 1479 patimur
513 1402 574 1463 uati
590 1418 681 1478 quam
698 1403 765 1464 tulit
779 1403 863 1478 ipse,
879 1402 992 1476 lugam.

233 1497 267 1554 75
280 1489 420 1550 Forsitan
435 1495 465 1548 et
479 1486 568 1548 uobis
584 1486 656 1548 olim
671 1487 771 1547 miuus
787 1500 880 1562 asper
894 1493 925 1546 et
937 1484 980 1544 illi
1040 1490 1043 1494 ’

320 1573 444 1632 Evictus
460 1572 553 1646 longo
568 1578 707 1646 tempore
722 1570 836 1631 Caesar
850 1569 915 1630 erit.
1059 1569 1116 1646 [da
1128 1577 1173 1630 est

279 1656 325 1729 Di,
345 1671 463 1732 precor,
475 1663 567 1732 atque
578 1656 657 1716 adeo
711 1670 812 1730 neque
825 1654 905 1714 euim
916 1651 989 1715 mihi
1001 1651 1093 1714 turbu
1104 1670 1208 1730 rogau-

322 1740 449 1815 Caesur,
465 1740 543 1801 ades
559 1746 647 1814 voto,
664 1739 796 1799 maxime
810 1738 897 1813 dive,
912 1753 981 1800 meo
991 1743 1008 1821 t

280 1827 414 1900 Interea,
431 1824 576 1901 quoniam
588 1824 678 1886 statio
696 1824 768 1884 urihi
783 1821 907 1898 publica
922 1823 1028 1882 clausa
1043 1830 1103 1896 est,

232 1921 267 1974 80
319 1909 440 1970 Privato
456 1909 545 1969 liceat
559 1908 719 1970 delituisse
733 1909 813 1968 loco.

280 1995 501 2068 uusquequo,
519 1992 546 2053 si
561 1993 608 2052 lus
625 1999 686 2068 est,
707 1991 971 2067 coniusa'pudore
985 1991 1137 2066 repulsae

323 2075 439 2136 Sumite
454 2076 594 2152 plebeiae
609 2077 742 2137 carmina
758 2081 864 2136 nostra
878 2091 997 2136 manus.

216 2214 258 2309 2·
277 2208 364 2320 Ergo
381 2251 446 2306 erat
460 2244 490 2303 iu
507 2244 577 2306 latis
594 2244 750 2322 Scythiam
767 2261 892 2321 quoque
906 2247 1008 2306 visere
1023 2246 1155 2322 nostris²

323 2329 469 2403 Quaeque
482 2329 640 2406 Lycaonio
657 2337 737 2389 terra
752 2329 809 2389 sub
824 2346 883 2389 axe
895 2331 996 2390 iacet?

280 2413 431 2486 Neruas,
446 2413 599 2487 Pierides,
615 2429 673 2474 nec
688 2413 782 2489 stirps
796 2413 918 2488 Letoia,
935 2419 1039 2475 vestro

318 2499 415 2559 Docta
429 2499 582 2560 sacerdoti
596 2498 684 2559 turba
698 2498 809 2559 tulistis
826 2513 926 2573 opem.

119 2637 128 2652 ,
236 2583 327 2645 bNec
343 2582 416 2642 mihi
432 2583 515 2658 quod
531 2583 590 2642 lusi
607 2597 680 2641 vero
697 2583 764 2642 siue
779 2583 919 2658 crimine,
939 2582 1083 2658 prodest,

326 2666 476 2741 Quodque
491 2665 589 2740 magis
607 2665 671 2726 vita
685 2666 776 2728 Musa
790 2667 891 2728 iocata
906 2683 976 2727 mec
990 2672 1055 2725 est=

282 2749 413 2809 Plurima
427 2749 484 2808 sed
500 2749 611 2825 pelago
626 2755 769 2826 terraque
783 2752 919 2827 pericula
939 2765 1072 2827 passum

319 2833 416 2894 Ustus
431 2832 469 2894 ab
485 2833 612 2894 assiduo
629 2834 744 2911 frigore
753 2835 871 2918 Poutus
884 2835 987 2896 babet.

282 2917 401 2993 Quique
416 2917 509 2992 fugax
523 2932 625 2978 rerum
639 2933 812 2994 securaque
827 2921 858 2980 in
874 2921 937 2980 otia
951 2924 1053 2992 uatus,

233 3012 266 3064 lu
321 3000 421 3060 Mollis
437 3009 467 3063 et
481 3001 633 3076 inpatieus
648 3009 719 3063 onte
733 3003 847 3065 laboris
862 3019 955 3077 eram,

281 3085 392 3146 Ultima
407 3100 487 3145 nuuc
501 3086 609 3161 patior.
646 3103 703 3146 uec
718 3103 767 3147 me
786 3104 870 3148 mare
884 3086 1025 3164 portibus
1048 3086 1169 3146 orbum

321 3168 468 3245 Perdere,
488 3169 632 3231 diversae
646 3187 704 3232 uec
719 3179 846 3247 potuere
865 3173 943 3247 viae,

283 3251 470 3328 Suffecitque
484 3255 572 3314 malis
588 3254 716 3316 unimus.
745 3272 816 3316 nam
831 3271 947 3333 corpus
963 3254 1001 3314 ab
1017 3253 1072 3314 illo

311 3339 453 3412 'Accepit
467 3339 566 3413 vires,
582 3340 698 3413 vixque
713 3341 841 3402 ferenda
854 3340 930 3401 tulit.

231 3434 264 3484 15
278 3425 355 3483 Dum
370 3427 471 3482 tamen
488 3428 517 3482 et
530 3423 629 3483 veutis
646 3423 757 3484 dubius
773 3424 909 3485 iactabar
923 3430 953 3483 et
968 3419 1074 3494 undis,

321 3505 458 3568 Fallcbat
478 3523 566 3567 ouras
583 3523 738 3583 aegraque
753 3509 849 3569 corda
863 3507 966 3568 labor:
