2394 3940
181 253 225 320 84
485 282 510 300 ··
577 245 804 312 Ticis-'llum

304 410 393 472 Nulla
407 405 464 474 luit
470 371 588 478 Juisero
597 363 683 480 leste
697 376 832 495 videnda
846 393 929 454 mihi.

264 494 368 557 lididit
380 491 459 560 haec
472 501 576 562 mores
591 483 674 550 illisi
674 481 806 566 rercislp
814 495 983 570 aequos

308 577 401 654 Queis
416 579 481 635 erat
490 570 600 645 Ιιιιιοιι
611 568 790 648 Icariusque
799 570 899 662 pater.
1034 555 1046 570 ’“

224 675 259 730 45
272 663 347 726 Nata
362 658 508 739 pudicitia
518 661 591 730 cst,
600 667 705 733 mores
714 633 956 746 propriasque
929 647 1091 720 ιιιιειιιιιιι

306 749 348 808 Αι
361 760 423 805 nou
437 747 510 812 suat
523 740 583 814 ista
595 737 708 814 gaudia
722 711 913 818 caladia,

270 831 332 894 Sed
345 828 441 896 lator·
438 834 484 888 et
491 839 586 900 curae
597 812 781 902 fortunaque
794 806 954 896 moribus’
946 833 1057 894 impar,

308 917 454 990 iustaque
469 911 508 971 de
524 909 615 971 viduo
633 919 732 982 paene
747 889 885 999 querella
897 909 976 964 loro

271 999 406 1066 Scilicet
404 993 549 1066 adversis
565 989 703 1068 probitas
718 985 853 1050 exercita
865 974 959 1046 rebus

229 1095 266 1150 ιι
313 1081 403 1142 Tristi
416 1077 574 1140 materiam
587 1083 748 1155 tempore
740 1071 840 1137 laudis
851 1070 956 1144 habel.

271 1168 304 1230 Si
321 1163 418 1228 nihil
410 1181 440 1224 m
443 1163 511 1224 lesti
528 1163 623 1223 durus
637 1141 769 1236 vidisset
781 1147 898 1231 Ulixes

309 1250 466 1324 Penelope
480 1247 562 1322 felix,
584 1243 641 1321 sed
655 1241 724 1324 sine
738 1239 858 1310 laudes
858 1248 939 1303 oret..

268 1337 377 1398 vietor
389 1331 554 1394 Echionias
570 1329 596 1404 ιι
611 1327 659 1386 vir
674 1315 869 1410 penetrasset
882 1323 914 1397 ιιι
928 1339 1027 1400 arces,

312 1419 451 1480 Forsitan
462 1415 610 1478 Euadnen
624 1412 678 1494 vix
692 1426 751 1472 sua
763 1416 873 1474 nosset
884 1403 1006 1470 humus

231 1515 267 1570 55
278 1503 351 1566 Cum
365 1502 447 1570 Pelia
462 1500 608 1596 genitae
596 1502 642 1572 tut
655 1495 727 1574 siut,
749 1509 804 1562 cur
817 1477 928 1584 nobilis
943 1509 1006 1552 una
1021 1496 1089 1552 esti

285 1589 440 1748 Nempe
444 1585 500 1646 luit
513 1584 625 1659 misero
638 1586 717 1727 nupt
718 1595 737 1638 a
726 1571 835 1678 quod
849 1595 910 1639 una
924 1573 1001 1636 viro.

273 1843 311 1904 Et
323 1849 385 1916 lue,
405 1755 493 1916 quod
507 1753 652 1932 mallem,
649 1749 779 1914 pietas
771 1818 847 1928 igno
845 1837 1034 1922 tamaricum,

231 1941 267 1994 ιο
318 1925 482 2001 implerent
494 1920 577 1990 venti
592 1918 619 1979 si
634 1933 703 1986 mea
717 1902 788 1996 vela
800 1931 863 2004 suc:

275 2010 312 2070 Di
326 2017 426 2070 tamen
442 2014 472 2068 et
486 2007 599 2068 Cacsar
614 2002 662 2062 dis
678 1995 852 2088 accensure,
859 1994 931 2080 ‘sed
946 1998 1027 2071 clim,

316 2093 485 2168 Aequariut
499 2089 605 2188 Pylios
621 2101 689 2144 cum
703 2091 755 2147 tua
769 2085 812 2152 lat
781 2101 832 2146 aa
800 2071 924 2159 ldieS,

275 2178 343 2240 Nun
355 2175 437 2250 mihi,
462 2174 514 2250 qui
529 2185 662 2250 poenam
677 2170 776 2232 iatecr
789 2169 950 2244 meruisse,
973 2167 1032 2227 sed
1046 2166 1090 2227 illi

313 2260 440 2336 Parcite,
464 2275 544 2335 quae
558 2255 641 2318 nullo
658 2254 751 2336 digna
767 2254 875 2314 dolore
890 2252 988 2317 dolet!

209 2396 253 2492 fi·
274 2395 327 2494 Tu
343 2447 475 2508 quoque,
498 2438 672 2492 nostrarum
688 2428 846 2505 quondam
861 2401 1101 2502 fiduciarerum,

316 2517 372 2592 Qui
386 2517 459 2578 mihi
474 2517 660 2592 coniugium,
684 2513 736 2590 qui
750 2511 823 2572 mihi
838 2515 909 2586 port
908 2525 945 2568 us
961 2523 1040 2580 eras,

273 2603 318 2662 Tu
335 2617 459 2679 quoque
475 2601 612 2676 suscepti
627 2615 729 2660 curam
746 2593 870 2678 dimittis
888 2592 985 2667 amici,

318 2686 479 2759 Olfieiique
494 2685 577 2759 pium
592 2691 653 2756 tam
669 2686 729 2744 cito
744 2681 835 2758 ponis
851 2683 952 2740 unus?

245 2779 262 2830 5
275 2767 403 2832 Sarsina
418 2784 494 2842 sum,
517 2768 625 2829 fatcor.
658 2767 792 2843 quamsi
806 2772 839 2826 tu
848 2771 999 2847 tempore
1006 2757 1086 2820 duro

316 2852 445 2927 Deposil
445 2869 518 2913 urus
534 2869 613 2928 eras,
637 2867 699 2913 non
713 2848 876 2913 subeunda
890 2847 954 2907 luit.

182 2975 187 3024 {-
274 2936 361 3000 Fluct
362 2936 453 2998 ibus'
446 2954 476 2996 m
492 2937 602 2998 mediis
618 2953 737 3008 navem,
759 2933 909 3006 Palinure,
930 2925 1107 3002 relinquisr

316 3021 389 3082 Nes
389 3037 456 3096 uge,
478 3038 557 3090 neue
572 3029 625 3081 lua
640 3022 679 3082 sit
693 3022 793 3085 minor
807 3025 872 3080 arte
888 2979 984 3076 fi'dest

275 3105 430 3181 Numquid
441 3106 657 3168 Achilleos't
615 3113 657 3170 ml
659 3121 693 3165 er
711 3107 776 3165 iera
791 3095 914 3181 proelia
925 3100 979 3160 lidi
1032 3153 1044 3178 „

238 3203 273 3256 10
321 3191 462 3251 Deseruit
476 3191 584 3252 levitas
603 3192 665 3258 Aut
654 3188 819 3252 otmedont'
813 3205 839 3250 rs
854 3191 975 3263 equost

277 3274 373 3350 Quem
388 3277 483 3334 semel
499 3277 629 3352 excepit,
653 3274 801 3352 numquid
812 3271 988 3334 Podalirius
1003 3283 1101 3342 aegro

316 3359 503 3420 Promissam
517 3361 656 3422 medicae
671 3377 733 3438 non
750 3357 814 3419 tulit
829 3355 909 3438 artis
918 3357 1032 3429 opem‘t

275 3442 406 3518 Turpius
423 3443 538 3519 eicitur,
560 3461 651 3519 quam
666 3461 728 3504 non
743 3441 838 3504 admit
839 3441 872 3500 ιιι
828 3448 909 3501 tur
921 3439 1051 3512 hospes.

318 3528 402 3603 Quae
417 3545 457 3606 pa
458 3529 521 3605 tuit,
545 3529 670 3589 dextrae
686 3529 775 3589 firma
790 3526 830 3587 sit
844 3541 898 3585 ara
912 3537 1010 3584 meac.

986 3706 1077 3898 s
