2450 3932
311 238 446 317 111,13‚
469 239 613 318 att—tv,
637 241 672 318 1,
696 241 746 306 16.

73 395 166 459 ttSed
180 409 396 471 quaecumque
411 394 474 468 luit,
489 395 572 455 nullo
589 403 754 458 exercente
766 398 885 474 refugit

144 479 181 541 ΕΙ
194 478 289 553 longo
304 478 395 554 perlit
409 479 495 540 arida
509 478 590 538 laeta
605 479 675 540 situ.

110 563 169 624 Non
183 563 233 624 hio
248 563 406 637 librorum,
423 578 478 638 per
493 578 573 638 quos
587 562 697 624 inviter
710 565 845 640 alanque,

146 645 249 723 copia.
273 663 331 722 pro
346 645 431 706 libris
447 661 538 707 arcus
553 653 584 707 et
597 663 682 708 arma
696 655 821 710 sonant=

111 732 209 792 Nullus
223 731 256 791 in
271 729 331 793 hac
345 736 435 803 terra,
450 731 575 792 recitem
589 730 617 791 si
632 731 775 806 carmina,
793 732 880 794 cuius

74 815 100 873 lo
145 814 346 876 intellecturis
362 814 487 876 auribus
502 821 579 888 utar,
595 815 694 876 adest.

111 897 167 959 Nec
180 915 242 974 quo
258 899 413 975 secedam,
428 899 516 960 locus
532 904 589 960 est.
612 899 753 961 custodia
766 901 844 960 muri

147 981 324 1044 Summovet
337 983 466 1043 infestos
482 985 651 1059 clausaque
667 990 754 1058 porta
769 983 871 1045 Getas.

113 1065 204 1144 Saepe
219 1067 347 1144 aliquod
363 1082 479 1144 quaero
494 1066 623 1128 verbum
637 1083 812 1145 nomenque
827 1070 1006 1144 locumque,

146 1149 206 1211 Nec
222 1151 387 1228 quisquam
403 1159 458 1226 est,
474 1167 493 1211 a
508 1166 570 1227 quo
586 1151 697 1212 certior
712 1167 785 1212 esse
800 1167 919 1227 queam.

75 1233 209 1306 lalticere
225 1251 323 1311 saepe
338 1235 454 1312 aliquid
469 1234 628 1296 conanti...
643 1242 733 1310 turpe
748 1235 886 1298 laterit...

147 1319 248 1379 Verba
261 1319 335 1380 mihi
350 1318 471 1394 desunt,
487 1317 686 1394 dedidicique
698 1320 793 1396 loqui.

112 1398 240 1464 Threicio
257 1402 469 1481 Scythicoque
484 1403 549 1463 lere
564 1403 775 1465 circumsonor
790 1419 853 1478 ore,

146 1485 181 1545 Et
194 1487 302 1550 videor
316 1487 429 1549 Geticis
445 1486 580 1548 seribere
595 1501 691 1562 posse
706 1488 815 1548 modis.

114 1567 198 1630 Crede
212 1570 295 1646 milri,
309 1571 411 1645 timeo,
427 1586 467 1632 ne
482 1570 542 1632 sint
556 1570 682 1630 inmixta
695 1571 810 1631 Latinis

74 1651 101 1706 tt
144 1651 235 1729 inque
253 1655 331 1716 meis
347 1656 471 1732 scriptis
486 1655 612 1716 Pontica
626 1655 722 1715 verba
735 1657 831 1730 legas.

112 1733 358 1815 tuaeneumqua
372 1740 468 1816 legas,
482 1739 574 1800 venia
588 1739 716 1813 dignare
729 1738 871 1813 libellum,

144 1818 236 1883 Sortis
251 1829 282 1883 et
297 1839 414 1884 excusa
429 1823 611 1885 condicione
628 1836 725 1881 meae.

313 2089 464 2172 LIBER
489 2088 734 2182 tunultu.

62 2198 90 2289 Ῑι
106 2197 195 2312 Siqua
209 2239 284 2301 meis
301 2241 421 2316 luerint,
435 2247 469 2303 ut
483 2251 580 2317 erunt,
594 2242 707 2303 vitiosa
722 2241 841 2315 libellis,

140 2319 289 2385 Excusata
302 2341 361 2386 suo
378 2331 524 2402 tempore,
541 2329 645 2400 lector,
660 2326 748 2386 habe.

106 2401 174 2464 Exul
186 2421 276 2481 eram,
291 2409 480 2486 requiesque
495 2410 576 2483 mihi,
593 2428 655 2472 non
670 2411 751 2470 loma
765 2407 860 2485 petita
874 2415 938 2470 este
979 2417 981 2420 ·

142 2486 222 2550 Mens
236 2492 352 2553 intenta
366 2493 431 2554 suis
446 2509 486 2554 ne
500 2494 579 2556 loret
592 2508 695 2569 usque
708 2492 807 2552 malis.

79 2569 162 2631 tltoc
174 2581 226 2648 est,
240 2591 296 2636 cnr
310 2583 411 2637 cantet
424 2578 545 2638 vinctus
564 2592 688 2654 quoque
704 2576 855 2650 compede
870 2576 988 2652 fossor,

144 2655 260 2718 indocili
275 2676 403 2722 numero
420 2678 488 2723 cum
502 2677 598 2737 grave
611 2660 707 2722 mollit
722 2675 812 2735 apua,

110 2736 203 2800 daniel
216 2749 245 2801 et
257 2743 390 2804 innitens
406 2745 535 2807 limosae
550 2762 668 2822 pronus
683 2759 797 2805 arenae

144 2821 278 2888 Adverso
293 2828 411 2889 tardam
428 2830 480 2905 qui
494 2829 586 2891 trahit
599 2844 690 2891 amne
703 2833 815 2888 ratem:

109 2900 213 2982 Quique
225 2911 319 2971 relert
332 2913 447 2986 pariter
460 2915 560 2974 lentos
578 2915 619 2974 ad
632 2917 760 2988 pectora
773 2925 885 2977 remos.

68 2989 94 3039 1⁰
143 2988 341 3056 innumerum
355 2997 446 3071 pulsa
459 2997 586 3057 brachia
599 3003 704 3058 versat
718 3010 810 3070 aqua.

105 3067 210 3135 Fessus
222 3083 254 3137 ul
268 3079 406 3141 incubuit
418 3081 539 3158 baculo,
554 3096 674 3141 saxove
687 3078 803 3140 resedit

143 3155 251 3236 Pastor,
267 3163 437 3225 arundineo
454 3164 587 3225 carmine
600 3165 714 3224 mulcet
730 3178 816 3225 oves.

106 3235 245 3306 cantantis
259 3247 382 3322 pariter,
398 3249 513 3322 pariter
526 3248 598 3309 data
611 3263 711 3323 pensa
725 3245 872 3306 trahentis

142 3320 257 3389 Fallitur
271 3331 400 3392 ancillae
414 3332 626 3408 decipiturque
640 3331 737 3392 labor.

65 3407 90 3460 tt
101 3402 198 3469 Fertur
212 3418 241 3472 et
256 3415 389 3476 abducta
403 3415 575 3494 Lyrneside
590 3415 685 3476 tristis
700 3413 837 3476 Achilles

29 3547 30 3568 ἶ
139 3487 298 3558 Haemonio
314 3514 405 3560 curas
421 3508 597 3560 attenuasse
611 3499 689 3579 lyra.

29 3593 31 3630 l

29 3839 183 3893 ln—..„..
242 3893 245 3895 ,
