<?xml version="1.0" encoding="UTF-8"?>
<!DOCTYPE html PUBLIC "-//W3C//DTD XHTML 1.0 Transitional//EN"
    "http://www.w3.org/TR/xhtml1/DTD/xhtml1-transitional.dtd">
<html xmlns="http://www.w3.org/1999/xhtml" xml:lang="en" lang="en">
 <head>
  <title>
</title>
<meta http-equiv="Content-Type" content="text/html;charset=utf-8" />
  <meta name='ocr-system' content='tesseract 3.04.00' />
  <meta name='ocr-capabilities' content='ocr_page ocr_carea ocr_par ocr_line ocrx_word'/>
</head>
<body>
  <div class='ocr_page' id='page_1' title='image "./povidiusnaso00goog_0156.png"; bbox 0 0 2394 3940; ppageno 0'>
   <div class='ocr_carea' id='block_1_1' title="bbox 311 267 991 344">
    <p class='ocr_par' dir='ltr' id='par_1_1' title="bbox 311 267 991 344">
     <span class='ocr_line' id='line_1_1' title="bbox 311 267 991 344; baseline 0.007 -15"><span class='ocrx_word' id='word_1_1' title='bbox 311 269 355 344; x_wconf 85' lang='grc' dir='ltr'>ΙΙ,</span> <span class='ocrx_word' id='word_1_2' title='bbox 377 267 413 342; x_wconf 82' lang='grc'>5,</span> <span class='ocrx_word' id='word_1_3' title='bbox 437 267 558 343; x_wconf 74' lang='lat'>20-6,</span> <span class='ocrx_word' id='word_1_4' title='bbox 580 267 632 329; x_wconf 76' lang='lat'>22.</span> <span class='ocrx_word' id='word_1_5' title='bbox 925 267 991 334; x_wconf 71' lang='lat' dir='ltr'>lib</span> 
     </span>
    </p>
   </div>
   <div class='ocr_carea' id='block_1_2' title="bbox 29 419 900 1512">
    <p class='ocr_par' dir='ltr' id='par_1_2' title="bbox 29 419 900 1512">
     <span class='ocr_line' id='line_1_2' title="bbox 98 419 685 500; baseline -0.014 -14"><span class='ocrx_word' id='word_1_6' title='bbox 98 424 280 500; x_wconf 73' lang='lat' dir='ltr'>ingenioque</span> <span class='ocrx_word' id='word_1_7' title='bbox 293 421 397 492; x_wconf 76' lang='lat' dir='ltr'>faves,</span> <span class='ocrx_word' id='word_1_8' title='bbox 413 419 589 495; x_wconf 80' lang='lat' dir='ltr'>ingeniose,</span> <span class='ocrx_word' id='word_1_9' title='bbox 605 435 685 480; x_wconf 86' lang='lat' dir='ltr'>meo.</span> 
     </span>
     <span class='ocr_line' id='line_1_3' title="bbox 32 502 900 584; baseline -0.01 -12"><span class='ocrx_word' id='word_1_10' title='bbox 32 511 151 578; x_wconf 76' lang='lat' dir='ltr'>sobistat</span> <span class='ocrx_word' id='word_1_11' title='bbox 165 523 244 584; x_wconf 90' lang='lat' dir='ltr'>opus</span> <span class='ocrx_word' id='word_1_12' title='bbox 259 514 415 580; x_wconf 87' lang='lat' dir='ltr'>nostrum,</span> <span class='ocrx_word' id='word_1_13' title='bbox 430 503 487 564; x_wconf 87' lang='lat' dir='ltr'>scd</span> <span class='ocrx_word' id='word_1_14' title='bbox 503 502 638 565; x_wconf 82' lang='lat' dir='ltr'>sontibus</span> <span class='ocrx_word' id='word_1_15' title='bbox 657 504 720 563; x_wconf 87' lang='lat' dir='ltr'>exit</span> <span class='ocrx_word' id='word_1_16' title='bbox 733 503 771 563; x_wconf 89' lang='lat' dir='ltr'>ab</span> <span class='ocrx_word' id='word_1_17' title='bbox 786 504 900 565; x_wconf 84' lang='lat' dir='ltr'>isdcm=</span> 
     </span>
     <span class='ocr_line' id='line_1_4' title="bbox 102 589 780 664; baseline -0.012 -11"><span class='ocrx_word' id='word_1_18' title='bbox 102 592 179 652; x_wconf 78' lang='lat' dir='ltr'>Artis</span> <span class='ocrx_word' id='word_1_19' title='bbox 193 595 223 651; x_wconf 87' lang='lat' dir='ltr'>et</span> <span class='ocrx_word' id='word_1_20' title='bbox 236 591 389 664; x_wconf 74' lang='lat' dir='ltr'>ingenuae</span> <span class='ocrx_word' id='word_1_21' title='bbox 405 589 503 648; x_wconf 83' lang='lat' dir='ltr'>enitor</span> <span class='ocrx_word' id='word_1_22' title='bbox 517 595 647 664; x_wconf 87' lang='lat' dir='ltr'>uterque</span> <span class='ocrx_word' id='word_1_23' title='bbox 661 603 780 648; x_wconf 88' lang='lat' dir='ltr'>sumus.</span> 
     </span>
     <span class='ocr_line' id='line_1_5' title="bbox 29 669 844 756; baseline -0.015 -18"><span class='ocrx_word' id='word_1_24' title='bbox 29 717 56 726; x_wconf 86' lang='lat'><em>-</em></span> <span class='ocrx_word' id='word_1_25' title='bbox 66 679 191 756; x_wconf 81' lang='lat' dir='ltr'>Thyrsus</span> <span class='ocrx_word' id='word_1_26' title='bbox 206 675 287 733; x_wconf 90' lang='lat' dir='ltr'>enim</span> <span class='ocrx_word' id='word_1_27' title='bbox 302 671 408 746; x_wconf 89' lang='lat' dir='ltr'>vobis,</span> <span class='ocrx_word' id='word_1_28' title='bbox 423 679 543 748; x_wconf 80' lang='lat' dir='ltr'>gestata</span> <span class='ocrx_word' id='word_1_29' title='bbox 558 678 605 732; x_wconf 87' lang='lat' dir='ltr'>est</span> <span class='ocrx_word' id='word_1_30' title='bbox 618 673 724 733; x_wconf 88' lang='lat' dir='ltr'>taurea</span> <span class='ocrx_word' id='word_1_31' title='bbox 737 669 844 732; x_wconf 74' lang='lat' dir='ltr'>nobis=</span> 
     </span>
     <span class='ocr_line' id='line_1_6' title="bbox 29 755 780 820; baseline -0.008 1"><span class='ocrx_word' id='word_1_32' title='bbox 29 799 57 808; x_wconf 86' lang='lat'>—</span> <span class='ocrx_word' id='word_1_33' title='bbox 101 759 159 820; x_wconf 86' lang='lat' dir='ltr'>Sed</span> <span class='ocrx_word' id='word_1_34' title='bbox 173 764 273 818; x_wconf 88' lang='lat' dir='ltr'>tamon</span> <span class='ocrx_word' id='word_1_35' title='bbox 288 755 439 816; x_wconf 89' lang='lat' dir='ltr'>ambobus</span> <span class='ocrx_word' id='word_1_36' title='bbox 454 755 547 816; x_wconf 85' lang='lat' dir='ltr'>debet</span> <span class='ocrx_word' id='word_1_37' title='bbox 565 756 670 816; x_wconf 87' lang='lat' dir='ltr'>inesse</span> <span class='ocrx_word' id='word_1_38' title='bbox 686 755 780 815; x_wconf 85' lang='lat' dir='ltr'>calor.</span> 
     </span>
     <span class='ocr_line' id='line_1_7' title="bbox 67 839 820 920; baseline -0.012 -13"><span class='ocrx_word' id='word_1_39' title='bbox 67 847 154 920; x_wconf 84' lang='lat' dir='ltr'>thue</span> <span class='ocrx_word' id='word_1_40' title='bbox 168 842 243 902; x_wconf 87' lang='lat' dir='ltr'>meis</span> <span class='ocrx_word' id='word_1_41' title='bbox 258 841 394 902; x_wconf 89' lang='lat' dir='ltr'>numeris</span> <span class='ocrx_word' id='word_1_42' title='bbox 408 846 460 900; x_wconf 91' lang='lat' dir='ltr'>tua</span> <span class='ocrx_word' id='word_1_43' title='bbox 475 839 527 900; x_wconf 88' lang='lat' dir='ltr'>dat</span> <span class='ocrx_word' id='word_1_44' title='bbox 541 840 684 900; x_wconf 80' lang='lat' dir='ltr'>facundia</span> <span class='ocrx_word' id='word_1_45' title='bbox 698 853 820 911; x_wconf 85' lang='lat' dir='ltr'>nervos,</span> 
     </span>
     <span class='ocr_line' id='line_1_8' title="bbox 35 923 705 1001; baseline -0.01 -13"><span class='ocrx_word' id='word_1_46' title='bbox 35 941 59 1001; x_wconf 71' lang='grc' dir='ltr'>το</span> <span class='ocrx_word' id='word_1_47' title='bbox 100 927 146 988; x_wconf 88' lang='lat' dir='ltr'>Sic</span> <span class='ocrx_word' id='word_1_48' title='bbox 160 926 243 986; x_wconf 81' lang='lat' dir='ltr'>venit</span> <span class='ocrx_word' id='word_1_49' title='bbox 257 941 276 985; x_wconf 90' lang='lat' dir='ltr'>a</span> <span class='ocrx_word' id='word_1_50' title='bbox 291 923 382 985; x_wconf 91' lang='lat' dir='ltr'>nobis</span> <span class='ocrx_word' id='word_1_51' title='bbox 397 924 426 983; x_wconf 91' lang='lat' dir='ltr'>in</span> <span class='ocrx_word' id='word_1_52' title='bbox 442 931 494 985; x_wconf 82' lang='lat' dir='ltr'>tue</span> <span class='ocrx_word' id='word_1_53' title='bbox 509 923 603 984; x_wconf 87' lang='lat' dir='ltr'>verba</span> <span class='ocrx_word' id='word_1_54' title='bbox 617 925 705 984; x_wconf 84' lang='lat' dir='ltr'>nitor.</span> 
     </span>
     <span class='ocr_line' id='line_1_9' title="bbox 69 1007 756 1086; baseline -0.01 -13"><span class='ocrx_word' id='word_1_55' title='bbox 69 1014 125 1073; x_wconf 90' lang='lat' dir='ltr'>Iure</span> <span class='ocrx_word' id='word_1_56' title='bbox 138 1011 227 1086; x_wconf 82' lang='lat' dir='ltr'>igitur</span> <span class='ocrx_word' id='word_1_57' title='bbox 240 1009 343 1070; x_wconf 84' lang='lat' dir='ltr'>studio</span> <span class='ocrx_word' id='word_1_58' title='bbox 356 1007 490 1072; x_wconf 85' lang='lat' dir='ltr'>confinia</span> <span class='ocrx_word' id='word_1_59' title='bbox 503 1007 638 1068; x_wconf 83' lang='lat' dir='ltr'>camnine</span> <span class='ocrx_word' id='word_1_60' title='bbox 651 1014 756 1068; x_wconf 90' lang='lat' dir='ltr'>vestro</span> 
     </span>
     <span class='ocr_line' id='line_1_10' title="bbox 96 1092 654 1168; baseline -0.009 -13"><span class='ocrx_word' id='word_1_61' title='bbox 96 1096 131 1155; x_wconf 80' lang='lat' dir='ltr'>Et</span> <span class='ocrx_word' id='word_1_62' title='bbox 143 1092 307 1154; x_wconf 88' lang='lat' dir='ltr'>commilitii</span> <span class='ocrx_word' id='word_1_63' title='bbox 321 1107 411 1156; x_wconf 85' lang='lat' dir='ltr'>sacra</span> <span class='ocrx_word' id='word_1_64' title='bbox 425 1092 540 1153; x_wconf 80' lang='lat' dir='ltr'>tuenda</span> <span class='ocrx_word' id='word_1_65' title='bbox 555 1098 654 1168; x_wconf 89' lang='lat' dir='ltr'>putas.</span> 
     </span>
     <span class='ocr_line' id='line_1_11' title="bbox 69 1175 883 1254; baseline -0.004 -16"><span class='ocrx_word' id='word_1_66' title='bbox 69 1180 115 1240; x_wconf 84' lang='lat' dir='ltr'>Pro</span> <span class='ocrx_word' id='word_1_67' title='bbox 130 1179 238 1254; x_wconf 90' lang='lat' dir='ltr'>quibus</span> <span class='ocrx_word' id='word_1_68' title='bbox 254 1184 288 1237; x_wconf 90' lang='lat' dir='ltr'>ut</span> <span class='ocrx_word' id='word_1_69' title='bbox 302 1183 438 1253; x_wconf 88' lang='lat' dir='ltr'>maneat,</span> <span class='ocrx_word' id='word_1_70' title='bbox 454 1177 570 1251; x_wconf 90' lang='lat' dir='ltr'>dequo</span> <span class='ocrx_word' id='word_1_71' title='bbox 585 1175 738 1251; x_wconf 84' lang='lat' dir='ltr'>censeris,</span> <span class='ocrx_word' id='word_1_72' title='bbox 755 1176 883 1249; x_wconf 87' lang='lat' dir='ltr'>amicus,</span> 
     </span>
     <span class='ocr_line' id='line_1_12' title="bbox 101 1260 810 1337; baseline -0.004 -15"><span class='ocrx_word' id='word_1_73' title='bbox 101 1263 281 1337; x_wconf 87' lang='lat' dir='ltr'>comprecor</span> <span class='ocrx_word' id='word_1_74' title='bbox 295 1260 335 1321; x_wconf 87' lang='lat' dir='ltr'>ad</span> <span class='ocrx_word' id='word_1_75' title='bbox 351 1261 431 1321; x_wconf 90' lang='lat' dir='ltr'>vitae</span> <span class='ocrx_word' id='word_1_76' title='bbox 443 1266 585 1336; x_wconf 85' lang='lat' dir='ltr'>tempore</span> <span class='ocrx_word' id='word_1_77' title='bbox 598 1275 718 1320; x_wconf 82' lang='lat' dir='ltr'>summa</span> <span class='ocrx_word' id='word_1_78' title='bbox 731 1265 810 1333; x_wconf 88' lang='lat' dir='ltr'>tuae,</span> 
     </span>
     <span class='ocr_line' id='line_1_13' title="bbox 37 1343 792 1420; baseline -0.011 -12"><span class='ocrx_word' id='word_1_79' title='bbox 37 1353 59 1408; x_wconf 80' lang='lat' dir='ltr'>ti</span> <span class='ocrx_word' id='word_1_80' title='bbox 69 1347 266 1420; x_wconf 86' lang='lat' dir='ltr'>Succedatque</span> <span class='ocrx_word' id='word_1_81' title='bbox 281 1345 341 1406; x_wconf 86' lang='lat' dir='ltr'>tuis</span> <span class='ocrx_word' id='word_1_82' title='bbox 358 1344 442 1406; x_wconf 92' lang='lat' dir='ltr'>orbis</span> <span class='ocrx_word' id='word_1_83' title='bbox 457 1343 633 1409; x_wconf 80' lang='lat' dir='ltr'>moderator</span> <span class='ocrx_word' id='word_1_84' title='bbox 647 1343 792 1404; x_wconf 78' lang='lat' dir='ltr'>habenis:</span> 
     </span>
     <span class='ocr_line' id='line_1_14' title="bbox 101 1427 806 1512; baseline -0.009 -22"><span class='ocrx_word' id='word_1_85' title='bbox 101 1429 181 1506; x_wconf 78' lang='lat' dir='ltr'>Quod</span> <span class='ocrx_word' id='word_1_86' title='bbox 195 1444 315 1489; x_wconf 90' lang='lat' dir='ltr'>meeum</span> <span class='ocrx_word' id='word_1_87' title='bbox 330 1429 436 1512; x_wconf 88' lang='lat' dir='ltr'>popuii</span> <span class='ocrx_word' id='word_1_88' title='bbox 454 1435 524 1489; x_wconf 84' lang='lat' dir='ltr'>vota</span> <span class='ocrx_word' id='word_1_89' title='bbox 538 1435 702 1504; x_wconf 85' lang='lat' dir='ltr'>precantur</span> <span class='ocrx_word' id='word_1_90' title='bbox 715 1427 806 1488; x_wconf 87' lang='lat' dir='ltr'>idem.</span> 
     </span>
    </p>
   </div>
   <div class='ocr_carea' id='block_1_3' title="bbox 36 1611 343 1712">
    <p class='ocr_par' dir='ltr' id='par_1_3' title="bbox 36 1611 343 1712">
     <span class='ocr_line' id='line_1_15' title="bbox 36 1611 343 1712; baseline 0.02 -8"><span class='ocrx_word' id='word_1_91' title='bbox 36 1611 62 1704; x_wconf 86' lang='lat' dir='ltr'>i.</span> <span class='ocrx_word' id='word_1_92' title='bbox 101 1649 343 1712; x_wconf 73' lang='lat' dir='ltr'>ceunomo.</span> 
     </span>
    </p>
   </div>
   <div class='ocr_carea' id='block_1_4' title="bbox 41 1729 959 3524">
    <p class='ocr_par' dir='ltr' id='par_1_4' title="bbox 41 1729 959 3524">
     <span class='ocr_line' id='line_1_16' title="bbox 73 1729 886 1843; baseline 0.002 -21"><span class='ocrx_word' id='word_1_93' title='bbox 73 1729 202 1827; x_wconf 75' lang='lat' dir='ltr'>Camino</span> <span class='ocrx_word' id='word_1_94' title='bbox 218 1767 415 1839; x_wconf 81' lang='lat' dir='ltr'>Graecinum,</span> <span class='ocrx_word' id='word_1_95' title='bbox 433 1767 485 1843; x_wconf 91' lang='lat' dir='ltr'>qui</span> <span class='ocrx_word' id='word_1_96' title='bbox 500 1781 649 1842; x_wconf 86' lang='lat' dir='ltr'>praesens</span> <span class='ocrx_word' id='word_1_97' title='bbox 664 1780 744 1826; x_wconf 87' lang='lat' dir='ltr'>voce</span> <span class='ocrx_word' id='word_1_98' title='bbox 759 1765 886 1838; x_wconf 89' lang='lat' dir='ltr'>solebat,</span> 
     </span>
     <span class='ocr_line' id='line_1_17' title="bbox 99 1849 735 1924; baseline -0.003 -14"><span class='ocrx_word' id='word_1_99' title='bbox 99 1851 197 1912; x_wconf 89' lang='lat' dir='ltr'>Tristis</span> <span class='ocrx_word' id='word_1_100' title='bbox 213 1850 252 1912; x_wconf 92' lang='lat' dir='ltr'>ab</span> <span class='ocrx_word' id='word_1_101' title='bbox 267 1851 396 1914; x_wconf 82' lang='lat' dir='ltr'>Euxinis</span> <span class='ocrx_word' id='word_1_102' title='bbox 411 1850 494 1911; x_wconf 88' lang='lat' dir='ltr'>Naso</span> <span class='ocrx_word' id='word_1_103' title='bbox 510 1850 621 1911; x_wconf 86' lang='lat' dir='ltr'>salutat</span> <span class='ocrx_word' id='word_1_104' title='bbox 635 1849 735 1924; x_wconf 87' lang='lat' dir='ltr'>aquis.</span> 
     </span>
     <span class='ocr_line' id='line_1_18' title="bbox 72 1931 917 2011; baseline 0.001 -18"><span class='ocrx_word' id='word_1_105' title='bbox 72 1931 161 1996; x_wconf 77' lang='lat' dir='ltr'>brulis</span> <span class='ocrx_word' id='word_1_106' title='bbox 174 1935 253 1996; x_wconf 83' lang='lat' dir='ltr'>haec</span> <span class='ocrx_word' id='word_1_107' title='bbox 267 1952 331 1997; x_wconf 86' lang='lat' dir='ltr'>vox</span> <span class='ocrx_word' id='word_1_108' title='bbox 346 1943 402 1996; x_wconf 88' lang='lat' dir='ltr'>est.</span> <span class='ocrx_word' id='word_1_109' title='bbox 431 1933 559 2011; x_wconf 90' lang='lat' dir='ltr'>praebet</span> <span class='ocrx_word' id='word_1_110' title='bbox 573 1932 646 1994; x_wconf 92' lang='lat' dir='ltr'>mihi</span> <span class='ocrx_word' id='word_1_111' title='bbox 660 1932 759 1993; x_wconf 83' lang='lat' dir='ltr'>littera</span> <span class='ocrx_word' id='word_1_112' title='bbox 773 1933 917 2008; x_wconf 74' lang='lat' dir='ltr'>linguam,</span> 
     </span>
     <span class='ocr_line' id='line_1_19' title="bbox 100 2017 711 2094; baseline -0.005 -16"><span class='ocrx_word' id='word_1_113' title='bbox 100 2018 169 2080; x_wconf 84' lang='lat' dir='ltr'>Etsi</span> <span class='ocrx_word' id='word_1_114' title='bbox 184 2036 245 2081; x_wconf 91' lang='lat' dir='ltr'>non</span> <span class='ocrx_word' id='word_1_115' title='bbox 262 2019 353 2080; x_wconf 84' lang='lat' dir='ltr'>liceat</span> <span class='ocrx_word' id='word_1_116' title='bbox 367 2017 517 2094; x_wconf 88' lang='lat' dir='ltr'>seribere,</span> <span class='ocrx_word' id='word_1_117' title='bbox 533 2024 633 2079; x_wconf 90' lang='lat' dir='ltr'>mutus</span> <span class='ocrx_word' id='word_1_118' title='bbox 648 2032 711 2078; x_wconf 89' lang='lat' dir='ltr'>ero.</span> 
     </span>
     <span class='ocr_line' id='line_1_20' title="bbox 56 2100 765 2180; baseline 0.001 -20"><span class='ocrx_word' id='word_1_119' title='bbox 56 2100 207 2180; x_wconf 74' lang='lat' dir='ltr'>scorripis,</span> <span class='ocrx_word' id='word_1_120' title='bbox 224 2111 257 2164; x_wconf 86' lang='lat' dir='ltr'>ut</span> <span class='ocrx_word' id='word_1_121' title='bbox 272 2104 383 2179; x_wconf 85' lang='lat' dir='ltr'>debes,</span> <span class='ocrx_word' id='word_1_122' title='bbox 400 2103 482 2164; x_wconf 88' lang='lat' dir='ltr'>stulti</span> <span class='ocrx_word' id='word_1_123' title='bbox 497 2109 625 2179; x_wconf 83' lang='lat' dir='ltr'>peecata</span> <span class='ocrx_word' id='word_1_124' title='bbox 640 2101 765 2173; x_wconf 84' lang='lat' dir='ltr'>sodalis,</span> 
     </span>
     <span class='ocr_line' id='line_1_21' title="bbox 104 2185 769 2249; baseline -0.005 -2"><span class='ocrx_word' id='word_1_125' title='bbox 104 2185 136 2247; x_wconf 79' lang='lat' dir='ltr'>n</span> <span class='ocrx_word' id='word_1_126' title='bbox 147 2189 227 2249; x_wconf 85' lang='lat' dir='ltr'>meta</span> <span class='ocrx_word' id='word_1_127' title='bbox 241 2203 291 2248; x_wconf 89' lang='lat' dir='ltr'>me</span> <span class='ocrx_word' id='word_1_128' title='bbox 306 2187 421 2248; x_wconf 84' lang='lat' dir='ltr'>meritis</span> <span class='ocrx_word' id='word_1_129' title='bbox 436 2187 516 2246; x_wconf 82' lang='lat' dir='ltr'>terre</span> <span class='ocrx_word' id='word_1_130' title='bbox 530 2187 649 2247; x_wconf 89' lang='lat' dir='ltr'>minora</span> <span class='ocrx_word' id='word_1_131' title='bbox 663 2185 769 2246; x_wconf 86' lang='lat' dir='ltr'>doces.</span> 
     </span>
     <span class='ocr_line' id='line_1_22' title="bbox 74 2269 820 2345; baseline -0.001 -18"><span class='ocrx_word' id='word_1_132' title='bbox 74 2269 139 2332; x_wconf 80' lang='lat' dir='ltr'>Vera</span> <span class='ocrx_word' id='word_1_133' title='bbox 152 2273 245 2344; x_wconf 86' lang='lat' dir='ltr'>iacis,</span> <span class='ocrx_word' id='word_1_134' title='bbox 261 2273 318 2334; x_wconf 91' lang='lat' dir='ltr'>sed</span> <span class='ocrx_word' id='word_1_135' title='bbox 334 2287 418 2344; x_wconf 87' lang='lat' dir='ltr'>sera,</span> <span class='ocrx_word' id='word_1_136' title='bbox 435 2286 525 2331; x_wconf 90' lang='lat' dir='ltr'>meae</span> <span class='ocrx_word' id='word_1_137' title='bbox 540 2270 680 2332; x_wconf 85' lang='lat' dir='ltr'>convicia</span> <span class='ocrx_word' id='word_1_138' title='bbox 700 2269 820 2345; x_wconf 84' lang='lat' dir='ltr'>culpae.</span> 
     </span>
     <span class='ocr_line' id='line_1_23' title="bbox 103 2354 697 2432; baseline -0.01 -16"><span class='ocrx_word' id='word_1_139' title='bbox 103 2358 216 2432; x_wconf 78' lang='lat' dir='ltr'>Aspera</span> <span class='ocrx_word' id='word_1_140' title='bbox 231 2357 377 2418; x_wconf 78' lang='lat' dir='ltr'>confesso</span> <span class='ocrx_word' id='word_1_141' title='bbox 392 2354 488 2416; x_wconf 83' lang='lat' dir='ltr'>verba</span> <span class='ocrx_word' id='word_1_142' title='bbox 502 2355 620 2416; x_wconf 84' lang='lat' dir='ltr'>remitte</span> <span class='ocrx_word' id='word_1_143' title='bbox 632 2368 697 2414; x_wconf 87' lang='lat' dir='ltr'>reo.</span> 
     </span>
     <span class='ocr_line' id='line_1_24' title="bbox 74 2436 778 2516; baseline -0.001 -20"><span class='ocrx_word' id='word_1_144' title='bbox 74 2436 132 2499; x_wconf 82' lang='lat' dir='ltr'>Cum</span> <span class='ocrx_word' id='word_1_145' title='bbox 143 2448 280 2516; x_wconf 88' lang='lat' dir='ltr'>poteram</span> <span class='ocrx_word' id='word_1_146' title='bbox 294 2447 378 2502; x_wconf 87' lang='lat' dir='ltr'>recto</span> <span class='ocrx_word' id='word_1_147' title='bbox 393 2439 523 2500; x_wconf 86' lang='lat' dir='ltr'>transire</span> <span class='ocrx_word' id='word_1_148' title='bbox 537 2438 685 2500; x_wconf 78' lang='lat' dir='ltr'>cerauma</span> <span class='ocrx_word' id='word_1_149' title='bbox 698 2437 778 2510; x_wconf 88' lang='lat' dir='ltr'>velo,</span> 
     </span>
     <span class='ocr_line' id='line_1_25' title="bbox 43 2521 757 2598; baseline -0.008 -14"><span class='ocrx_word' id='word_1_150' title='bbox 43 2521 64 2575; x_wconf 81' lang='lat'>1⁰</span> <span class='ocrx_word' id='word_1_151' title='bbox 103 2523 137 2586; x_wconf 89' lang='lat' dir='ltr'>Ut</span> <span class='ocrx_word' id='word_1_152' title='bbox 149 2525 214 2586; x_wconf 83' lang='lat' dir='ltr'>tera</span> <span class='ocrx_word' id='word_1_153' title='bbox 227 2525 355 2586; x_wconf 87' lang='lat' dir='ltr'>vitarem</span> <span class='ocrx_word' id='word_1_154' title='bbox 370 2539 462 2598; x_wconf 83' lang='lat' dir='ltr'>saxo,</span> <span class='ocrx_word' id='word_1_155' title='bbox 477 2521 650 2586; x_wconf 81' lang='lat' dir='ltr'>monendus</span> <span class='ocrx_word' id='word_1_156' title='bbox 665 2535 757 2580; x_wconf 88' lang='lat' dir='ltr'>eram.</span> 
     </span>
     <span class='ocr_line' id='line_1_26' title="bbox 73 2603 878 2684; baseline 0 -21"><span class='ocrx_word' id='word_1_157' title='bbox 73 2605 144 2667; x_wconf 85' lang='lat' dir='ltr'>Nunc</span> <span class='ocrx_word' id='word_1_158' title='bbox 156 2609 229 2669; x_wconf 91' lang='lat' dir='ltr'>mihi</span> <span class='ocrx_word' id='word_1_159' title='bbox 244 2608 404 2684; x_wconf 65' lang='lat' dir='ltr'>naufragio</span> <span class='ocrx_word' id='word_1_160' title='bbox 420 2606 493 2684; x_wconf 88' lang='lat' dir='ltr'>quid</span> <span class='ocrx_word' id='word_1_161' title='bbox 509 2605 638 2683; x_wconf 74' lang='lat' dir='ltr'>prodest</span> <span class='ocrx_word' id='word_1_162' title='bbox 652 2605 773 2666; x_wconf 80' lang='lat' dir='ltr'>discere</span> <span class='ocrx_word' id='word_1_163' title='bbox 787 2603 878 2675; x_wconf 83' lang='lat' dir='ltr'>taeta,</span> 
     </span>
     <span class='ocr_line' id='line_1_27' title="bbox 106 2689 747 2764; baseline -0.008 -12"><span class='ocrx_word' id='word_1_164' title='bbox 106 2690 164 2764; x_wconf 76' lang='lat' dir='ltr'>Qua</span> <span class='ocrx_word' id='word_1_165' title='bbox 178 2707 247 2753; x_wconf 88' lang='lat' dir='ltr'>mea</span> <span class='ocrx_word' id='word_1_166' title='bbox 262 2691 401 2753; x_wconf 80' lang='lat' dir='ltr'>debuerit</span> <span class='ocrx_word' id='word_1_167' title='bbox 414 2706 536 2754; x_wconf 86' lang='lat' dir='ltr'>currere</span> <span class='ocrx_word' id='word_1_168' title='bbox 552 2689 662 2752; x_wconf 85' lang='lat' dir='ltr'>cumba</span> <span class='ocrx_word' id='word_1_169' title='bbox 676 2689 747 2749; x_wconf 79' lang='lat' dir='ltr'>viat</span> 
     </span>
     <span class='ocr_line' id='line_1_28' title="bbox 73 2770 802 2852; baseline -0.004 -17"><span class='ocrx_word' id='word_1_170' title='bbox 73 2770 186 2836; x_wconf 82' lang='lat' dir='ltr'>Brachia</span> <span class='ocrx_word' id='word_1_171' title='bbox 205 2778 246 2838; x_wconf 90' lang='lat' dir='ltr'>da</span> <span class='ocrx_word' id='word_1_172' title='bbox 260 2777 345 2838; x_wconf 87' lang='lat' dir='ltr'>tasso</span> <span class='ocrx_word' id='word_1_173' title='bbox 360 2776 464 2852; x_wconf 87' lang='lat' dir='ltr'>potius</span> <span class='ocrx_word' id='word_1_174' title='bbox 478 2774 660 2852; x_wconf 80' lang='lat' dir='ltr'>prendenda</span> <span class='ocrx_word' id='word_1_175' title='bbox 673 2770 802 2834; x_wconf 80' lang='lat' dir='ltr'>natanti:</span> 
     </span>
     <span class='ocr_line' id='line_1_29' title="bbox 103 2855 762 2936; baseline -0.005 -19"><span class='ocrx_word' id='word_1_176' title='bbox 103 2855 159 2919; x_wconf 85' lang='lat' dir='ltr'>Neo</span> <span class='ocrx_word' id='word_1_177' title='bbox 173 2861 278 2936; x_wconf 78' lang='lat' dir='ltr'>pigeat</span> <span class='ocrx_word' id='word_1_178' title='bbox 290 2867 392 2921; x_wconf 86' lang='lat' dir='ltr'>mento</span> <span class='ocrx_word' id='word_1_179' title='bbox 408 2861 617 2936; x_wconf 81' lang='lat' dir='ltr'>supposuisse</span> <span class='ocrx_word' id='word_1_180' title='bbox 630 2873 762 2918; x_wconf 87' lang='lat' dir='ltr'>manum.</span> 
     </span>
     <span class='ocr_line' id='line_1_30' title="bbox 41 2937 914 3022; baseline 0.002 -27"><span class='ocrx_word' id='word_1_181' title='bbox 41 2943 61 2996; x_wconf 80' lang='lat'>15</span> <span class='ocrx_word' id='word_1_182' title='bbox 71 2937 153 3016; x_wconf 86' lang='lat' dir='ltr'>idque</span> <span class='ocrx_word' id='word_1_183' title='bbox 166 2944 253 3006; x_wconf 83' lang='lat' dir='ltr'>iacis.</span> <span class='ocrx_word' id='word_1_184' title='bbox 290 2945 448 3022; x_wconf 83' lang='lat' dir='ltr'>faciasque</span> <span class='ocrx_word' id='word_1_185' title='bbox 463 2959 583 3021; x_wconf 85' lang='lat' dir='ltr'>precor.</span> <span class='ocrx_word' id='word_1_186' title='bbox 613 2943 659 3005; x_wconf 88' lang='lat' dir='ltr'>sic</span> <span class='ocrx_word' id='word_1_187' title='bbox 673 2946 769 3001; x_wconf 84' lang='lat' dir='ltr'>mater</span> <span class='ocrx_word' id='word_1_188' title='bbox 782 2944 812 2998; x_wconf 86' lang='lat' dir='ltr'>et</span> <span class='ocrx_word' id='word_1_189' title='bbox 825 2952 914 3012; x_wconf 90' lang='lat' dir='ltr'>uxor,</span> 
     </span>
     <span class='ocr_line' id='line_1_31' title="bbox 105 3023 804 3105; baseline -0.007 -21"><span class='ocrx_word' id='word_1_190' title='bbox 105 3023 151 3086; x_wconf 87' lang='lat' dir='ltr'>Sic</span> <span class='ocrx_word' id='word_1_191' title='bbox 163 3027 218 3088; x_wconf 87' lang='lat' dir='ltr'>tibi</span> <span class='ocrx_word' id='word_1_192' title='bbox 233 3029 296 3089; x_wconf 87' lang='lat' dir='ltr'>sint</span> <span class='ocrx_word' id='word_1_193' title='bbox 309 3029 418 3090; x_wconf 80' lang='lat' dir='ltr'>tratres</span> <span class='ocrx_word' id='word_1_194' title='bbox 432 3035 560 3105; x_wconf 87' lang='lat' dir='ltr'>totaque</span> <span class='ocrx_word' id='word_1_195' title='bbox 575 3028 663 3088; x_wconf 84' lang='lat' dir='ltr'>saiva</span> <span class='ocrx_word' id='word_1_196' title='bbox 678 3025 804 3086; x_wconf 76' lang='lat' dir='ltr'>domus:</span> 
     </span>
     <span class='ocr_line' id='line_1_32' title="bbox 73 3104 914 3188; baseline -0.018 -9"><span class='ocrx_word' id='word_1_197' title='bbox 73 3106 208 3186; x_wconf 73' lang='lat' dir='ltr'>Quodque</span> <span class='ocrx_word' id='word_1_198' title='bbox 222 3113 308 3175; x_wconf 86' lang='lat' dir='ltr'>soles</span> <span class='ocrx_word' id='word_1_199' title='bbox 322 3115 424 3173; x_wconf 87' lang='lat' dir='ltr'>animo</span> <span class='ocrx_word' id='word_1_200' title='bbox 439 3127 577 3188; x_wconf 85' lang='lat' dir='ltr'>semper,</span> <span class='ocrx_word' id='word_1_201' title='bbox 593 3109 678 3186; x_wconf 89' lang='lat' dir='ltr'>quod</span> <span class='ocrx_word' id='word_1_202' title='bbox 691 3123 771 3170; x_wconf 82' lang='lat' dir='ltr'>voce</span> <span class='ocrx_word' id='word_1_203' title='bbox 785 3104 914 3182; x_wconf 89' lang='lat' dir='ltr'>precari,</span> 
     </span>
     <span class='ocr_line' id='line_1_33' title="bbox 104 3191 959 3270; baseline 0 -17"><span class='ocrx_word' id='word_1_204' title='bbox 104 3191 206 3256; x_wconf 88' lang='lat' dir='ltr'>Omnia</span> <span class='ocrx_word' id='word_1_205' title='bbox 222 3195 407 3258; x_wconf 84' lang='lat' dir='ltr'>caesaribus</span> <span class='ocrx_word' id='word_1_206' title='bbox 422 3195 468 3256; x_wconf 85' lang='lat' dir='ltr'>sio</span> <span class='ocrx_word' id='word_1_207' title='bbox 480 3203 534 3257; x_wconf 85' lang='lat' dir='ltr'>tna</span> <span class='ocrx_word' id='word_1_208' title='bbox 546 3197 628 3255; x_wconf 82' lang='lat' dir='ltr'>facta</span> <span class='ocrx_word' id='word_1_209' title='bbox 642 3191 766 3270; x_wconf 86' lang='lat' dir='ltr'>probes.</span> <span class='ocrx_word' id='word_1_210' title='bbox 956 3200 959 3204; x_wconf 86' lang='grc'><strong>’</strong></span> 
     </span>
     <span class='ocr_line' id='line_1_34' title="bbox 72 3275 807 3352; baseline 0.001 -17"><span class='ocrx_word' id='word_1_211' title='bbox 72 3275 158 3352; x_wconf 82' lang='lat' dir='ltr'>Turpe</span> <span class='ocrx_word' id='word_1_212' title='bbox 172 3279 228 3341; x_wconf 84' lang='lat' dir='ltr'>erit</span> <span class='ocrx_word' id='word_1_213' title='bbox 241 3281 272 3340; x_wconf 92' lang='lat' dir='ltr'>in</span> <span class='ocrx_word' id='word_1_214' title='bbox 287 3280 408 3342; x_wconf 89' lang='lat' dir='ltr'>miseris</span> <span class='ocrx_word' id='word_1_215' title='bbox 422 3279 518 3341; x_wconf 83' lang='lat' dir='ltr'>veteri</span> <span class='ocrx_word' id='word_1_216' title='bbox 531 3278 585 3339; x_wconf 86' lang='lat' dir='ltr'>tibi</span> <span class='ocrx_word' id='word_1_217' title='bbox 599 3277 693 3340; x_wconf 86' lang='lat' dir='ltr'>rebus</span> <span class='ocrx_word' id='word_1_218' title='bbox 707 3275 807 3338; x_wconf 85' lang='lat' dir='ltr'>amieo</span> 
     </span>
     <span class='ocr_line' id='line_1_35' title="bbox 42 3355 683 3440; baseline 0 -21"><span class='ocrx_word' id='word_1_219' title='bbox 42 3355 63 3407; x_wconf 64' lang='lat'>2⁰</span> <span class='ocrx_word' id='word_1_220' title='bbox 102 3359 251 3424; x_wconf 82' lang='lat' dir='ltr'>Auxilium</span> <span class='ocrx_word' id='word_1_221' title='bbox 265 3363 349 3425; x_wconf 85' lang='lat' dir='ltr'>nulia</span> <span class='ocrx_word' id='word_1_222' title='bbox 363 3371 449 3440; x_wconf 92' lang='lat' dir='ltr'>parte</span> <span class='ocrx_word' id='word_1_223' title='bbox 462 3361 571 3426; x_wconf 85' lang='lat' dir='ltr'>tulisse</span> <span class='ocrx_word' id='word_1_224' title='bbox 584 3370 683 3423; x_wconf 73' lang='lat' dir='ltr'>tuuma</span> 
     </span>
     <span class='ocr_line' id='line_1_36' title="bbox 71 3439 849 3524; baseline -0.003 -24"><span class='ocrx_word' id='word_1_225' title='bbox 71 3439 158 3519; x_wconf 81' lang='lat' dir='ltr'>Turpe</span> <span class='ocrx_word' id='word_1_226' title='bbox 171 3447 287 3507; x_wconf 81' lang='lat' dir='ltr'>reterre</span> <span class='ocrx_word' id='word_1_227' title='bbox 301 3447 428 3524; x_wconf 84' lang='lat' dir='ltr'>podem,</span> <span class='ocrx_word' id='word_1_228' title='bbox 448 3463 506 3508; x_wconf 90' lang='lat' dir='ltr'>neo</span> <span class='ocrx_word' id='word_1_229' title='bbox 520 3463 618 3524; x_wconf 89' lang='lat' dir='ltr'>passu</span> <span class='ocrx_word' id='word_1_230' title='bbox 633 3453 715 3506; x_wconf 90' lang='lat' dir='ltr'>stare</span> <span class='ocrx_word' id='word_1_231' title='bbox 733 3440 849 3505; x_wconf 72' lang='lat' dir='ltr'>tenacis</span> 
     </span>
    </p>
   </div>
   <div class='ocr_carea' id='block_1_5' title="bbox 25 3527 779 3672">
    <p class='ocr_par' dir='ltr' id='par_1_5' title="bbox 25 3527 779 3672">
     <span class='ocr_line' id='line_1_37' title="bbox 25 3527 779 3672; baseline -0.004 -81"><span class='ocrx_word' id='word_1_232' title='bbox 25 3623 26 3630; x_wconf 6' lang='grc' dir='ltr'>ἵ</span> <span class='ocrx_word' id='word_1_233' title='bbox 47 3527 196 3672; x_wconf 54' lang='lat' dir='ltr'>ovmiffipe</span> <span class='ocrx_word' id='word_1_234' title='bbox 210 3531 399 3596; x_wconf 82' lang='lat' dir='ltr'>laborantem</span> <span class='ocrx_word' id='word_1_235' title='bbox 414 3532 592 3594; x_wconf 85' lang='lat' dir='ltr'>deseruisse</span> <span class='ocrx_word' id='word_1_236' title='bbox 608 3537 719 3590; x_wconf 86' lang='lat' dir='ltr'>ratem=</span> <span class='ocrx_word' id='word_1_237' title='bbox 745 3618 779 3671; x_wconf 86' lang='lat'>10</span> 
     </span>
    </p>
   </div>
   <div class='ocr_carea' id='block_1_6' title="bbox 0 0 1202 3940">
    <p class='ocr_par' dir='ltr' id='par_1_6' title="bbox 0 0 1202 3940">
     <span class='ocr_line' id='line_1_38' title="bbox 0 0 1202 3940; baseline 0 2"><span class='ocrx_word' id='word_1_238' title='bbox 0 0 1202 3940; x_wconf 95' lang='lat' dir='ltr'> </span> 
     </span>
    </p>
   </div>
  </div>
 </body>
</html>
