2372 3928
133 244 194 308 alo
509 243 760 307 rnsroamu
836 219 838 221 ’
873 318 876 320 ,

212 397 277 456 Ara
291 395 369 456 deae
384 401 465 454 certe
478 395 612 468 uendi,
634 355 769 470 pariente
783 393 929 470 ministra,

251 479 290 540 Et
303 478 395 538 subiit
409 478 529 539 cineres
544 478 643 539 territa
661 475 783 538 ilamma
799 495 885 540 suos.

211 563 278 624 lloc
296 561 348 622 ubi
364 561 509 638 cognovit
522 565 713 640 contemptor
726 560 866 622 Amulius
882 564 1025 639 aequi...

162 655 197 708 50
251 646 327 706 Nam
341 652 446 721 raptas
462 645 545 705 iratri
560 644 657 705 victor
670 643 805 706 habebat
818 660 926 720 opes...

208 729 308 790 Amne
329 727 411 790 iubet
424 728 519 803 mergi
534 728 681 805 geminos.
719 727 828 789 Scelus
843 729 926 790 unda
940 729 1075 807 refugit,

251 812 284 871 ln
300 811 484 887 siccapueri
500 811 703 873 destituuntur
716 811 819 872 humo.

208 896 300 956 Lacte
316 895 385 971 quis
399 895 530 956 infantes
544 894 643 956 nescit
655 893 793 955 crevisse
809 895 915 969 lerino,

249 978 286 1039 Et
299 980 401 1054 picum
416 978 567 1054 expositis
583 993 679 1054 saepe
692 977 800 1040 tulisse
815 979 924 1040 cibost

145 1071 196 1126 -55
210 1061 277 1122 Non
291 1078 349 1138 ego
364 1069 403 1138 te,
425 1069 528 1122 tantae
543 1061 642 1124 nutrix
655 1061 798 1123 Larentia
811 1061 920 1137 gentis,

249 1145 311 1205 Nec
324 1153 442 1207 taceam
458 1151 593 1220 vestras,
614 1144 758 1206 Faustule
773 1161 906 1222 pauper,
928 1161 1025 1221 opes.

207 1231 321 1290 Vester
335 1229 434 1290 honos
449 1229 566 1300 veniet,
588 1244 656 1288 cum
670 1228 842 1289 Larentalia
857 1229 973 1290 dicam:

249 1313 404 1388 Acceptus
421 1311 524 1372 Geniis
539 1312 591 1371 illa
605 1311 775 1374 December
788 1310 889 1373 habet.

208 1394 317 1456 Martia
329 1403 375 1456 ter
389 1411 482 1456 senos
497 1396 602 1472 proles
618 1396 796 1456 adoleverat
810 1412 916 1470 annos,

163 1488 198 1542 60
252 1478 289 1538 Et
304 1479 427 1540 suberat
440 1478 541 1540 flavae
555 1480 614 1540 iam
629 1495 713 1540 nova
724 1477 823 1540 barba
837 1495 952 1540 comae.

209 1561 355 1624 Omnibus
370 1564 512 1639 agricolis
527 1569 796 1637 armentorumque
810 1563 964 1638 magistris

248 1647 361 1708 Iliadae
377 1647 485 1708 iratres
500 1647 567 1708 iura
580 1645 677 1723 petita
691 1645 814 1706 dabant.

209 1728 309 1806 Saepo
323 1731 447 1792 domum
460 1731 584 1791 veniunt
596 1729 787 1805 praedonum
802 1729 950 1804 sanguine
965 1731 1057 1808 laeti,

247 1813 285 1874 Et
298 1815 438 1889 redigunt
452 1820 537 1876 actos
551 1815 582 1873 in
597 1829 655 1874 sua
669 1829 741 1874 rnna
754 1811 862 1874 boves.

157 1904 191 1960 65
205 1897 244 1958 Ut
257 1913 355 1972 genus
370 1898 544 1972 audienmt,
567 1897 686 1958 animos
702 1904 787 1972 pater
801 1895 900 1958 editus
915 1904 1022 1972 auget,

249 1981 286 2040 lit
299 1982 438 2055 purletia
460 1981 571 2057 paucisw
583 1996 694 2042 nomen
708 1975 822 2040 habere
837 1979 935 2040 casis:

208 2064 418 2140 Romuleoque
433 2065 514 2125 cadit
529 2064 673 2126 traiectus
688 2063 828 2124 Amulius
843 2077 928 2137 ense,

249 2147 416 2221 Regnaque
431 2148 581 2222 longaevo
595 2149 794 2210 restituuntur
808 2162 878 2207 avo.

207 2229 328 2289 Moenia
343 2230 522 2291 conduntur.
550 2247 630 2307 quae
645 2231 784 2308 quamvis
798 2247 896 2308 parva
909 2231 1048 2308 fuerumt,

162 2322 197 2378 lt)
248 2312 315 2374 Non
329 2320 428 2374 tamen
444 2314 580 2390 expediit
593 2315 803 2376 transsiluisse
817 2315 924 2376 Remo.

207 2398 270 2458 lam
283 2398 376 2459 modo
398 2415 458 2474 qua
472 2399 591 2460 lucrant
605 2400 701 2460 silvae
716 2411 923 2474 pecorumque
936 2413 1109 2478 recessus,

247 2480 327 2543 Urbs
342 2491 421 2556 erat,
444 2489 586 2544 aeternae
601 2499 668 2544 curn
684 2490 771 2558 pater
784 2481 874 2544 Urbis
889 2481 945 2542 ait=

207 2564 340 2626 ‘Arbiter
353 2581 520 2640 armorum,
543 2566 582 2626 de
598 2567 683 2628 ouius
699 2565 848 2640 sanguine
862 2571 952 2626 natus

248 2648 371 2724 credor,
393 2657 423 2709 et
436 2656 468 2709 ut
483 2651 605 2726 credar,
627 2651 757 2726 pignora
771 2649 864 2709 multa
879 2647 970 2720 dabo,

157 2739 191 2795 la
207 2733 235 2790 A
249 2739 280 2794 te
293 2731 473 2808 principium
486 2733 626 2795 Romano
641 2733 769 2794 dicimus
784 2749 881 2794 anno:

247 2813 364 2876 Primus
379 2815 419 2876 de
433 2816 531 2892 patrio
547 2817 669 2878 nomine
684 2817 799 2878 mensis
815 2816 893 2876 erit?

206 2901 278 2958 Vox
288 2905 357 2968 rata
370 2899 419 2974 fit,
440 2901 601 2976 patrioque
617 2908 706 2961 vocat
720 2899 759 2960 de
773 2899 896 2959 nornine
910 2913 1067 2962 mensem.

249 2981 364 3043 Dicitur
376 2982 454 3044 haec
468 2984 566 3060 pietas
581 2992 669 3060 grata
684 2984 782 3044 luisse
797 2983 866 3042 deo.

205 3065 243 3125 Et
255 3072 355 3126 tamen
370 3074 440 3128 ante
455 3083 560 3128 omnes
575 3067 701 3129 Martem
717 3069 838 3127 coluere
851 3066 982 3140 priores.

156 3156 192 3212 80
244 3149 311 3210 Hoc
325 3150 451 3213 dederat
465 3151 574 3212 studiis
587 3150 698 3212 bellica
711 3149 800 3211 turba
813 3149 889 3210 suis.

204 3231 329 3293 Pallada
343 3232 544 3308 cecropidae,
559 3234 673 3295 Minoia
687 3233 775 3294 Creta
789 3233 926 3306 Dianam,

245 3316 416 3378 Volcanum
430 3318 519 3378 tellus
536 3316 730 3395 Hypsipylea
745 3316 830 3376 colit:

204 3399 350 3462 lunonem
365 3399 474 3478 Sparte
486 3399 750 3476 Pelopeiadesque
759 3397 926 3476 Mycenam

246 3483 414 3556 Pinigerum
429 3481 524 3544 Fauni
539 3483 686 3552 Maenalis
702 3499 756 3544 ora
772 3489 872 3557 caput.
978 3521 988 3548 ,-
