2450 3932
345 247 397 322 IV,
416 245 452 322 3,
471 245 586 320 cit—4,
607 249 658 312 53.
962 249 1005 318 cb

118 402 151 462 Et
165 403 202 462 de
217 401 370 460 communi
385 415 457 474 pars
473 415 596 476 quoque
611 407 717 462 nostra
729 401 812 462 bono
828 408 885 464 est.

85 486 205 560 iuppiter
219 483 352 560 ingeniis
367 482 494 559 praebet
506 500 565 544 sua
578 485 701 546 numina
714 491 826 560 vatum,

121 569 215 646 Seque
230 567 380 628 celebrari
395 567 533 642 quolibet
547 583 600 628 ore
615 567 695 628 sinit.

87 654 172 714 Causa
184 661 236 714 tua
251 651 394 727 exemplo
410 667 591 726 superorum
606 659 667 712 tuta
683 651 813 712 duorum
827 659 883 730 est,

56 745 80 800 to
122 737 250 811 Quomm
264 736 315 796 hic
330 734 486 811 aspicitur,
509 735 643 796 creditur
656 735 707 796 iiie
722 735 810 796 deus.

89 820 120 879 Ut
132 837 188 879 non
203 818 371 892 debuerim,
395 827 495 880 tamen
510 820 570 880 hoc
585 835 643 894 ego
659 821 772 880 crimen
785 818 916 882 habebo.

121 903 180 964 Non
196 904 252 964 tuit
267 902 382 964 arbitrii
397 904 495 964 littera
509 909 615 964 nostra
629 902 682 964 tui.

89 987 140 1048 Nec
152 1003 239 1062 nova,
263 988 348 1064 quod
362 993 461 1048 tecum
476 988 601 1062 loquor,
625 995 672 1050 est
686 987 794 1048 iniuria
807 995 921 1064 nostra,

120 1071 278 1132 Incolumis
294 1086 362 1132 eum
378 1088 440 1147 quo
455 1088 550 1147 saepe
565 1072 685 1133 locutus
701 1088 794 1131 eram.

58 1154 143 1228 tbQuo
155 1171 281 1216 vereare
297 1155 405 1230 minus,
428 1171 467 1216 ne
481 1157 538 1216 sim
552 1155 604 1216 tibi
619 1157 731 1216 crimen
746 1156 872 1229 amicus

120 1240 270 1314 Invidiam,
292 1241 383 1314 siqua
397 1247 452 1313 est
475 1246 581 1301 auctor
595 1239 710 1300 habere
723 1246 834 1316 potest.

88 1321 149 1384 Num
161 1330 229 1384 tuus
245 1331 294 1386 est
308 1325 413 1400 primis
430 1326 530 1385 cuitus
545 1324 617 1384 mihi
633 1339 755 1400 semper
768 1324 807 1382 ab
821 1325 938 1384 annis...

120 1408 179 1469 Hoc
193 1415 275 1468 certe
290 1409 354 1469 noti
369 1409 593 1470 dissimulare...
607 1414 702 1485 pater,

88 1490 291 1567 Ingeniumque
303 1508 433 1555 meum...
447 1499 536 1568 potes
547 1491 608 1552 hoc
619 1491 824 1552 meminisse...
836 1489 985 1567 probabat

59 1582 83 1637 tt
121 1574 184 1637 Pius
200 1577 299 1650 etiam,
324 1594 413 1652 quam
431 1592 480 1636 me
494 1575 596 1636 iudice
611 1576 721 1652 dignus
737 1591 829 1635 eram.

89 1658 178 1732 Deque
193 1660 269 1721 meis
284 1661 336 1722 ilio
350 1659 503 1722 referebat
517 1659 658 1720 versibus
674 1673 736 1733 ore,

119 1741 149 1801 in
163 1761 223 1819 quo
238 1761 312 1820 pars
328 1745 406 1806 altae
420 1743 585 1804 nobilitatis
600 1748 674 1802 erat.

89 1823 142 1885 Nou
155 1827 243 1902 igitur
256 1828 311 1889 tibi
326 1845 414 1902 nune,
439 1827 523 1903 quod
539 1843 587 1888 me
602 1827 712 1886 domus
726 1824 786 1884 ista
798 1824 921 1900 recepit,

121 1907 176 1971 Sed
189 1911 275 1988 prius
291 1913 406 1974 auctori
421 1919 492 1972 sunt
506 1912 578 1973 data
592 1908 765 1971 verbotuo.

59 1990 306 2071 abeodausunt,
320 1995 505 2070 mihicrede,
521 2001 631 2056 tamen.
652 1993 751 2055 sedin
767 1991 905 2053 omnibus
918 1991 996 2069 actis

119 2077 223 2140 Ultima
237 2079 264 2140 si
280 2081 396 2153 demas,
420 2079 483 2140 vita
497 2078 612 2140 tuenda
626 2093 695 2138 meo
710 2083 765 2138 est.

89 2158 305 2240 unoquoque,
328 2181 390 2241 qua
405 2163 490 2240 perii,
512 2163 633 2238 cuipam
649 2163 749 2223 scelus
764 2174 836 2222 esse
850 2157 986 2235 negabis,

122 2243 151 2304 Si
163 2249 235 2308 tanti
251 2249 349 2309 series
365 2247 405 2308 sit
419 2248 471 2310 tibi
487 2254 559 2308 nota
574 2246 654 2307 mali.

90 2326 138 2387 but
149 2331 235 2392 timor
250 2337 302 2392 out
316 2347 402 2392 emor
415 2331 515 2405 nobis,
536 2331 621 2406 prius
637 2329 734 2390 obfuit
747 2344 841 2388 error.

60 2419 82 2471 tu
121 2412 160 2471 A!
181 2416 246 2474 sine
260 2431 310 2476 me
325 2416 378 2475 iati
392 2431 454 2476 non
469 2415 646 2475 meminisse
660 2414 729 2474 mei.

90 2493 159 2556 iteve
172 2500 364 2563 retractando
380 2499 515 2559 nondum
530 2498 671 2561 coeuntia
685 2510 793 2570 mmpe

120 2579 257 2642 Vulnera.
291 2584 344 2642 vix
359 2583 418 2642 iliis
433 2583 571 2657 proderit
585 2583 655 2657 ipso
670 2579 768 2656 quies.

88 2659 156 2738 Ergo
169 2673 202 2726 ut
215 2667 280 2727 iure
295 2667 403 2726 damus
421 2683 553 2742 poeuaS,
577 2669 622 2727 sic
636 2664 731 2725 abfuit
746 2677 835 2722 omne

120 2747 243 2811 Peccato
259 2751 378 2811 facinus
393 2751 616 2826 consiliumque
631 2766 710 2810 meo.

61 2829 176 2907 teldque
191 2835 267 2896 deus
284 2834 384 2896 sentit.
417 2850 473 2910 pro
490 2851 551 2909 quo
567 2849 624 2894 nec
638 2834 739 2893 iumen
754 2830 939 2904 ademptum,

119 2914 178 2977 Nec
192 2919 264 2979 mihi
280 2919 432 2980 detractas
448 2918 590 2994 possidet
604 2918 680 2978 aiter
695 2929 782 2990 opes.

87 2995 213 3061 Forsitan
227 3003 307 3064 irene
322 3001 432 3078 ipsam,
455 3002 538 3062 vivat
551 3000 654 3076 modo,
677 2999 761 3060 finiet
776 2997 856 3069 olim,

120 3083 268 3160 Tempore
281 3101 350 3146 cum
366 3085 455 3147 suerit
469 3087 567 3146 lenior
581 3086 634 3158 ira,
657 3085 769 3159 sugam.

88 3163 161 3226 Nunc
176 3185 287 3243 precor
300 3170 372 3230 binc
388 3171 447 3230 atio
463 3170 565 3230 iubeat
578 3169 750 3242 discedere,
774 3165 801 3224 si
817 3181 877 3231 rton

59 3253 80 3304 it
120 3250 228 3313 Nostra
240 3254 418 3314 verecundo
432 3261 505 3315 vota
519 3255 637 3328 pudore
652 3259 764 3312 carent.

86 3331 176 3395 Mitius
193 3338 316 3398 exilium
331 3339 487 3414 pauloque
502 3337 704 3413 propinquius
720 3340 803 3410 opto,

118 3417 231 3494 Quique
246 3421 287 3482 sit
300 3438 319 3480 a
334 3437 429 3481 suevo
445 3422 565 3497 longius
580 3420 679 3496 hoste,
701 3421 811 3483 locum.

65 3495 229 3645 ⁰Tanthque
243 3506 273 3565 in
291 3505 433 3580 Augusto
450 3504 618 3580 clementia,
642 3505 669 3565 si
685 3503 755 3578 quis
771 3499 808 3642 a}
823 3499 876 3557 iiio

77 3595 123 3639 vn.
186 3631 193 3645 .
