2492 3926
520 221 574 294 Vi,
597 215 775 280 595-668.
1095 218 1158 284 333

221 371 312 433 Iussa
326 374 396 432 ioco
413 372 535 448 captiva
550 371 647 431 sedet.
676 371 851 448 Conceptus
867 371 905 432 ab
921 371 973 433 illa
992 375 998 387 '

266 455 393 518 Servius
413 457 532 517 acaelo
549 455 666 515 semina
680 455 780 529 gentis
795 455 896 516 habet.

155 549 208 604 665
224 539 317 615 Signa
334 541 419 601 dedit
433 541 567 616 genitor,
581 547 653 600 tunc
669 555 738 598 cum
753 545 846 616 caput
859 540 931 616 igne
945 557 1074 604 corusco

264 625 409 701 Contigit,
426 625 519 700 inque
535 624 630 684 comis
646 621 807 684 flammeus
823 626 899 686 arsit
913 641 1005 701 apex.

92 728 103 740 ·
221 710 263 768 Te
280 725 404 786 quoque
418 709 596 785 magnifica,
612 707 796 784 concordia,
816 709 938 770 dedicat
952 711 1029 770 aede

186 812 191 820 ·
263 793 364 870 Livia,
385 811 475 868 quam
491 809 563 853 caro
578 793 731 868 praestitit
745 794 814 871 ipsa
827 795 905 854 viro.

221 876 312 939 Disce
331 885 446 952 tamen,
461 879 589 938 veniens
605 885 705 952 aetas,
720 878 772 938 ubi
786 879 873 938 Livia
887 895 969 939 nunc
983 886 1030 940 est

156 974 210 1030 640
265 962 421 1036 Porticus2
441 963 608 1022 immensae
621 969 701 1022 tecta
716 963 814 1024 tuisse
828 963 949 1023 domus.

224 1045 314 1108 Urbis
332 1064 412 1124 opus
428 1047 539 1108 domus
554 1045 698 1120 unasub,
714 1046 909 1123 spatiumque
924 1047 1054 1123 tenebat,

265 1133 331 1206 Quo
345 1131 471 1193 brevius
485 1132 579 1192 muris
595 1130 712 1207 oppida
727 1132 819 1192 multa
833 1137 946 1212 tenent.

221 1215 305 1276 Haec
319 1225 451 1292 aequata
466 1218 533 1276 solo
551 1222 614 1288 est,
631 1216 714 1276 nulio
730 1215 787 1277 sub
808 1216 933 1276 crimine
947 1217 1042 1291 regni,

264 1299 328 1360 Sed
344 1301 415 1376 quia
430 1300 551 1362 luxuria
566 1301 634 1360 visa
647 1315 760 1360 nocere
776 1317 842 1362 sua.

156 1390 209 1446 645
226 1383 375 1446 Sustinuit
388 1392 488 1446 tantas
504 1400 632 1461 operum
647 1384 826 1445 subvertere
840 1386 949 1458 moles,

263 1470 381 1546 Totque
396 1487 470 1532 suas
485 1469 576 1530 heres
592 1469 722 1545 perdere
738 1469 852 1529 caesar
865 1484 953 1544 opes.

224 1552 275 1612 Sic
291 1555 390 1630 agitur
409 1571 540 1616 censura
555 1560 584 1614 et
599 1554 643 1614 sic
660 1555 801 1629 exempla
822 1559 974 1628 parantur,

264 1639 338 1698 Cum
352 1639 481 1712 vindex,
499 1639 576 1699 alios
592 1638 676 1715 quod
690 1638 892 1712 monet,·ipse
908 1634 988 1697 iacit.
1047 1715 1064 1730 ἱ

435 1773 562 1836 raon
603 1771 854 1836 ranarum
984 1773 1004 1813 ι
1112 1841 1113 1844 ¹

223 1891 311 1952 Nuiia
324 1900 397 1954 nota
411 1900 460 1953 est
473 1892 615 1953 veniente
630 1891 694 1965 die,
712 1907 804 1968 quam
819 1891 932 1952 ducere
946 1893 1062 1968 possis.

155 1981 209 2037 650
266 1977 369 2037 idibus
385 1977 500 2038 Invicto
516 1984 587 2037 sunt
602 1977 673 2036 data
686 1976 800 2052 templa
815 1975 890 2036 iovi.

219 2060 331 2122 Etiam
346 2061 550 2136 Quinquatrus
566 2061 675 2123 iubeor
688 2075 813 2120 narrare
827 2061 974 2121 minores.

261 2145 346 2205 Nunc
362 2146 438 2206 ades
454 2155 486 2207 o!
503 2147 633 2222 coeptis,
649 2144 732 2206 flava
745 2145 898 2220 Minerva,
914 2145 1000 2206 meis.

220 2229 292 2289 ‘Cur
306 2246 402 2306 vagus
417 2231 532 2291 incedit
545 2238 608 2292 tota
623 2229 734 2291 tibicen
750 2230 781 2288 in
795 2230 900 2290 Urbe?

262 2313 341 2388 Quid
350 2314 416 2378 ,sibi
432 2331 601 2390 personae,
617 2315 692 2390 quid
706 2314 786 2374 stola
799 2315 892 2388 ionga
908 2315 1046 2375 voiuntt’

154 2407 207 2462 655
224 2399 275 2460 Sic
291 2414 359 2474 ego.
390 2398 441 2460 Sic
456 2401 558 2476 posita
572 2399 707 2460 Truonia
722 2397 851 2472 cuspide
867 2397 960 2457 dixit:

260 2483 381 2544 Possim
396 2483 512 2546 utinam
528 2485 637 2544 doctae
651 2483 748 2542 verba
761 2482 877 2550 reterre
892 2482 985 2541 deae!

219 2567 430 2643 ‘Temporibus
445 2575 583 2629 veterum
596 2567 728 2629 tibicinis
742 2583 820 2627 usus
834 2582 962 2626 avorum

260 2653 390 2728 Magnus
408 2653 482 2713 etin
497 2669 607 2728 magno
623 2667 745 2727 semper
759 2651 877 2711 honore
893 2651 957 2710 iuit.

220 2736 366 2799 Cantabat
380 2737 476 2811 fanis,
491 2736 634 2798 cantabat
647 2736 720 2797 tibia
738 2736 828 2811 ludis,

151 2825 205 2879 666
262 2821 409 2882 cantabat
423 2822 548 2883 maestis
563 2821 637 2882 tibia
653 2819 819 2881 funeribus.

218 2907 322 2968 Dulcis
340 2911 405 2965 erat
419 2907 562 2966 mercede
577 2905 673 2966 labor.
702 2914 888 2980 tempusque
905 2908 1054 2978 secutum,

262 2991 349 3064 Quod
366 2989 466 3062 subito
482 2991 592 3050 Graiae
608 2991 762 3065 frangeret
775 2988 849 3049 artis
866 3003 957 3064 opus.

219 3075 309 3134 Adde
329 3074 414 3148 quod
429 3074 554 3148 aedilis,
572 3075 716 3150 pompam
733 3073 786 3148 qui
800 3074 916 3133 funeris
931 3073 1016 3142 irent,

257 3159 403 3218 Artifices
420 3159 654 3220 solos-iusserat
669 3174 741 3219 esse
756 3157 873 3217 decem.

152 3248 203 3304 665
217 3242 315 3301 Exilio
332 3248 448 3302 mutant
460 3243 588 3316 Urbem,
604 3243 759 3318 Tiburque
772 3242 930 3302 recedunt.

258 3325 391 3386 Exilium
407 3327 542 3402 quodam
556 3333 694 3404 tempore
705 3326 798 3388 Tibur
812 3333 886 3386 erat.

219 3409 379 3484 Quaeritur
393 3409 423 3470 in
440 3427 554 3472 scaena
569 3429 647 3472 cava
659 3411 748 3484 tibia,
766 3411 922 3486 quaeritur
935 3410 1012 3470 arist

256 3493 348 3554 Ducit
361 3511 525 3570 supremos
541 3498 649 3558 naenia
664 3497 747 3556 nulls
765 3501 860 3555 toros.
