2394 3940
368 243 398 287 v.
418 227 596 293 assare.
934 225 999 296 tos
1031 316 1035 324 ι

108 381 220 444 Ultores
235 379 359 455 rapiant
374 387 462 456 turpe
476 381 610 440 cadaver
624 382 705 455 equi.

77 465 190 526 Viscera
205 463 250 524 sic
265 465 378 539 aliquis
393 465 541 539 scopulus
556 471 609 524 tuo
622 466 710 540 figat,
726 472 760 526 ut
770 463 842 526 olim

111 548 250 608 unasub
264 547 402 608 Euboico
419 547 511 607 Graia
526 548 611 606 luere
627 549 708 608 sinu.

79 631 164 706 thue
178 631 263 690 lerox
277 632 367 705 periit
381 637 411 692 et
425 631 550 690 fulmine
564 638 595 692 et
608 647 744 706 aequore
758 641 873 708 raptor,

31 723 70 779 tlt
115 715 160 776 sio
173 722 200 774 te
213 729 370 775 mersuras
386 713 510 775 adiuvet
524 714 603 788 ignis
619 732 727 790 aquas.

78 799 150 858 Mens
165 813 285 873 quoque
300 797 346 856 sio
359 797 458 858 Furiis
475 812 584 858 vecors
600 800 743 873 agitetur,
758 806 791 860 ut
805 800 856 873 illi,

111 883 199 942 Unum
214 881 265 956 qui
280 887 344 940 toto
360 897 493 956 corpore
510 883 619 941 vulnus
634 881 744 942 habete

78 965 163 1039 thue
175 965 360 1042 Dryantldac
374 965 560 1038 Rhodopeia
572 981 669 1040 regna
682 966 804 1038 tenenti,

112 1049 141 1107 ln
154 1050 269 1122 gemino
286 1048 393 1123 dispar
408 1049 457 1109 cui
472 1047 551 1123 pede
565 1050 663 1110 cultus
678 1057 757 1110 erat:

34 1135 69 1187 tto
78 1132 111 1193 Ut
122 1133 170 1190 luit
184 1131 294 1192 Oetaeo
312 1132 483 1206 quondam,
497 1147 675 1207 generoque
690 1134 867 1207 draconum,

111 1215 312 1288 Tisamenique
328 1215 422 1291 putri,
440 1215 670 1290 Callirhoesque
683 1218 760 1276 viro.

78 1298 128 1357 lieo
142 1297 188 1358 tibi
201 1299 355 1372 contingat
368 1305 508 1360 matrona
522 1299 661 1374 pudicior
674 1300 732 1375 illa,

23 1430 28 1453 ,
112 1381 168 1454 Qua
182 1381 278 1456 potuit
291 1383 416 1458 Tydeus
433 1383 593 1444 erubuisse
608 1399 699 1444 nuru=

80 1463 204 1540 Quaeque
218 1466 266 1526 sui
283 1482 424 1526 venerem
439 1467 535 1527 iunxit
550 1483 618 1526 oum
633 1469 724 1528 tratre
741 1468 848 1541 mariti,

35 1555 69 1609 350
111 1548 206 1608 Locris
219 1550 249 1608 in
271 1549 400 1630 ancillae
414 1549 606 1610 dissimulata
620 1565 706 1610 nece.

78 1631 136 1691 Tam
150 1648 284 1708 quoque,
302 1633 333 1692 di
348 1633 474 1704 lactant,
495 1634 599 1708 possis
614 1634 750 1708 gaudere
764 1635 848 1694 fideli

113 1715 249 1791 Coniuge,
267 1732 358 1790 quam
371 1717 455 1776 Talai
468 1717 683 1794 Tyndareique
697 1733 805 1791 gener:

79 1797 203 1873 Quaeque
216 1815 326 1875 parare
341 1800 406 1860 suis
421 1800 514 1860 letum
529 1800 717 1875 patruelibus
732 1816 827 1862 ausae

108 1881 218 1942 Belides
233 1885 361 1943 assidua
375 1884 454 1944 eollo
468 1890 644 1959 premuntur
659 1901 749 1958 aqua.
835 1915 838 1922 ·

36 1967 69 2023 oo
79 1965 209 2043 Byblidos
225 1973 255 2027 et
273 1967 425 2040 Canaces,
443 1969 524 2029 sicut
538 1969 630 2042 lacis,
646 1969 752 2030 ardeat
766 1969 845 2044 igne,

110 2048 165 2109 Nec
178 2051 234 2110 nisi
248 2067 306 2124 per
319 2051 432 2111 crimen
447 2051 487 2112 sit
502 2051 553 2111 tibi
567 2052 631 2112 fida
645 2067 745 2112 soror.

78 2129 137 2191 lilia
150 2135 174 2192 si
188 2135 291 2209 luerit,
307 2135 347 2194 sit
361 2135 445 2209 quod
459 2135 604 2211 Pelopeia
617 2135 778 2212 ffiyestae,

108 2216 223 2292 Myrrha
236 2233 295 2278 suo
311 2219 402 2294 patri,
418 2219 657 2295 Nyctimeneque
672 2236 740 2282 suo.

78 2295 144 2358 Neve
160 2303 254 2378 magis
269 2303 322 2378 pio
336 2305 375 2362 sit
388 2303 543 2379 capitique
557 2306 691 2378 parentis
707 2305 813 2377 amica,

36 2395 69 2449 too
111 2382 197 2456 Quam
211 2403 269 2446 sua
284 2387 332 2444 vel
346 2386 495 2459 Pterelae,
511 2388 561 2447 vel
575 2387 643 2458 tibi,
659 2387 745 2459 Nise,
763 2387 832 2448 luite

77 2464 268 2544 Infamemque
281 2472 383 2530 locum
398 2471 523 2530 sceleris
537 2484 619 2544 quae
634 2471 756 2530 nomine
771 2469 850 2542 lecit,

106 2549 213 2612 Pressit
227 2562 257 2614 et
270 2554 402 2614 inductis
417 2553 554 2614 membra
567 2561 696 2629 paterna
709 2555 795 2614 rotis.

75 2632 105 2692 Ut
116 2633 237 2697 iuvenes
252 2653 380 2713 pereaS,
395 2638 533 2715 proiecta
548 2639 701 2698 cadavera
716 2653 847 2712 quorum

108 2715 221 2794 Oraque
234 2720 361 2784 Pisaeae
374 2721 549 2783 sustinuere
563 2723 662 2782 iores:

33 2803 64 2860 ³65
75 2798 104 2858 Ut
116 2803 163 2875 qui
176 2805 334 2879 pertusam
347 2806 528 2868 miserorum
543 2806 639 2866 caede
655 2821 818 2880 procorum

106 2885 170 2958 lpse
184 2904 242 2948 suo
258 2889 367 2949 melius
384 2891 533 2964 sanguine
547 2889 636 2949 tinxit
649 2889 789 2950 humum:

72 2963 197 3030 Proditor
210 2979 244 3032 ut
258 2973 345 3032 saevi
359 2973 449 3050 periit
462 2973 569 3048 auriga
581 2973 712 3049 tyranni,

106 3051 156 3124 Qui
171 3070 253 3115 nova
266 3055 407 3131 Myrtoae
422 3057 546 3117 nomina
560 3057 632 3120 lecit
647 3073 761 3131 aquae:

72 3131 102 3193 Ut
115 3137 163 3210 qui
176 3139 315 3200 velocem
330 3141 428 3201 frusta
441 3140 558 3218 petiere
572 3141 713 3216 puellam,

22 3211 64 3286 ¹³7⁰
105 3219 179 3280 Dum
194 3223 276 3283 iacta
290 3229 338 3283 est
353 3223 452 3299 pomis
467 3226 583 3286 tardior
597 3225 648 3285 illa
661 3224 772 3286 tribus:

72 3299 103 3362 Ut
115 3304 164 3378 qui
179 3311 260 3366 tecta
273 3309 346 3368 novi
362 3309 489 3370 lormam
504 3309 635 3370 celantia
648 3308 774 3369 monstri

22 3449 23 3468 ,
104 3385 253 3450 Intrarunt
267 3407 378 3452 caecae
393 3409 454 3452 non
469 3393 628 3453 redeunda
641 3393 767 3452 domus.

22 3475 23 3508 ³
75 3465 104 3527 Ul
116 3485 244 3546 quorum
258 3475 412 3536 Aeacides
425 3475 507 3537 misit
521 3477 674 3540 violentus
689 3476 718 3535 in
734 3475 828 3535 altum
