2372 3928
377 223 406 297 1,
430 220 608 286 tit-5⁵0.

73 380 140 440 Este
152 376 244 438 bonis
259 374 369 438 avibus
384 375 446 436 visi
457 383 593 452 nutuque
608 373 755 454 mihique,

110 461 252 539 Ripaque
265 458 346 520 reici
360 460 570 522 555555151555
580 459 676 536 pedet

23 556 61 608 555
73 547 184 620 initur,
203 561 242 607 55
258 543 289 604 bi
304 543 379 606 fient
391 543 524 620 ingentia
538 544 660 607 moenia
674 544 780 618 551155,

112 631 246 705 luraque
256 626 296 688 ab
315 627 375 688 bue
388 635 471 689 terre
485 634 587 688 555555
600 633 686 686 terra.
695 633 801 703 pstett

75 710 224 774 Montibus
240 710 290 772 his
307 710 380 772 olim
395 717 478 773 totus
492 710 676 786 promittitur
690 709 789 772 orbis.

113 795 186 870 Quis
201 801 317 856 tuntum
331 793 386 855 1551
400 793 509 856 credat
519 792 772 856 5555551555555

74 880 180 940 Etiam
192 876 371 940 Dardanius
384 883 515 953 tangent
522 877 602 940 15555
615 877 704 938 115555
724 877 826 953 pinus.

23 972 60 1024 555
105 962 160 1022 5115
180 975 417 1038 5555555555
428 960 828 1022 5551-155515555555155515,

75 1047 144 1108 Care
156 1060 271 1120 nepos,
285 1042 384 1118 Pstis,
400 1043 522 1106 1555555
536 1044 613 1120 quid
626 1044 848 1106 induisunmu‘t

109 1130 216 1190 induet
231 1143 294 1188 non
308 1127 414 1190 15555111
426 1126 549 1188 vindice
563 1128 757 1190 5555555515.

77 1213 156 1274 Victa
170 1219 272 1274 tumen
286 1210 411 1287 515555,
431 1227 609 1288 eversaque
618 1212 708 1272 ’55515
721 1227 882 1288 55555555

111 1295 213 1357 Obruit
230 1295 360 1356 hostiles
373 1295 433 1356 ista
445 1295 536 1358 ruine
549 1296 668 1357 dumos.

23 1378 630 1455 55511555515551555115555515Ρ5555555
646 1377 803 1440 bannus!

110 1464 191 1524 Nunu
199 1462 305 1526 5515555
315 1462 369 1524 bie
382 1469 444 1524 totu
460 1469 509 1526 est
522 1463 610 1526 515155
624 1463 704 1523 urbe
713 1462 812 1522 sinist

73 1548 129 1608 Iun
144 1546 352 1624 piusheneus
369 1562 459 1610 55555
472 1553 517 1623 55,
533 1545 746 1622 saussaium,
767 1551 886 1621 putrem

110 1631 250 1691 Adseret=
269 1631 381 1691 lliaeos
395 1631 511 1707 555155,
525 1630 630 1702 Vesta,
647 1630 736 1692 deos.

75 1716 198 1791 Tempus
213 1714 285 1790 erit,
308 1730 378 1776 uum
396 1729 456 1776 vos
475 1714 645 1789 orbemque
657 1712 790 1778 tuebiuu
802 1712 892 1787 idern,

24 1805 60 1859 ttt
104 1799 140 1859 iit
153 1798 227 1860 fient
240 1798 312 1874 ipso
325 1813 417 1858 55555
429 1798 549 1860 colente
568 1799 642 1860 deu=
664 1786 685 1829 ’

73 1882 104 1943 Et
116 1897 212 1958 penes
225 1881 387 1958 Augustus
400 1883 516 1957 punias
529 1883 623 1945 tuteiu
638 1879 780 1944 manebit.

107 1966 192 2026 11555
206 1967 254 2026 ias
269 1965 392 2042 imperii
402 1967 489 2028 irena
502 1973 608 2028 tenere
626 1965 759 2028 (1555555.

73 2049 141 2110 1555
153 2065 254 2126 nepus
270 2057 423 2126 nutusque
437 2049 503 2123 dei,
523 2050 595 2112 lieet
607 2051 676 2126 ipse
689 2055 820 2123 recuset,

107 2132 248 2194 Ponderu
267 2133 394 2196 55515551
408 2140 509 2194 mente
522 2140 652 2210 paterne
669 2134 755 2195 teret.

25 2222 60 2276 555
72 2215 165 2294 thue
179 2233 237 2293 epo
252 2217 411 2293 perpetuis
423 2216 495 2278 otim
509 2218 657 2280 sacrabor
670 2217 704 2278 in
716 2217 788 2292 uris,

109 2299 158 2361 Sic
172 2301 313 2377 Augusta
326 2316 441 2363 novum
452 2300 532 2366 Iuiiu
546 2317 658 2364 numen
672 2301 750 2362 erit?

73 2383 187 2446 Talibus
201 2392 237 2446 ut
252 2384 342 2446 distis
361 2390 486 2446 nostres
502 2384 664 2448 deseendit
675 2384 705 2444 in
720 2399 829 2462 annos,

109 2466 247 2530 Substitit
259 2467 290 2527 in
307 2467 428 2530 medios
441 2469 699 2544 praesentirent
714 2482 820 2530 senos.

72 2549 224 2628 Puppibus
238 2565 386 2627 egressus
400 2551 487 2614 15515
502 2552 584 2614 stetit
597 2553 668 2612 exui
681 2552 712 2612 in
727 2550 834 2613 herbe.

25 2639 62 2694 tit
106 2635 204 2710 Felix,
221 2634 346 2698 exilium
361 2634 410 2694 551
423 2635 511 2696 15555
527 2636 578 2696 1115
594 2636 662 2696 15155

73 2717 127 2780 Nee
142 2735 231 2780 meru
245 2719 340 2795 longe
353 2718 416 2782 tuit.
445 2719 568 2782 stabunt
581 2735 664 2780 nova
678 2726 767 2794 55555,
782 2733 886 2795 neque
898 2719 922 2779 5
929 2725 974 2779 ter

107 2802 262 2866 Montibus
274 2803 423 2878 Ausoniis
441 2803 565 2864 hresde
578 2803 676 2865 maior
689 2810 762 2864 erut

71 2883 144 2946 15555
157 2887 257 2948 boves
272 2886 345 2948 11555
358 2886 545 2965 Erytheidas
561 2887 695 2962 applicet
708 2887 803 2948 lieres

106 2969 258 3034 Emensus
272 2969 356 3046 longi
371 2971 506 3046 claviger
519 2969 603 3031 orbis
623 2971 689 3032 iter.

23 3053 56 3108 555
67 3052 201 3130 itumque
214 3054 287 3116 huie
301 3053 470 3128 hospitium
485 3055 595 3118 domus
611 3061 659 3114 est
668 3055 817 3131 Tegeaea,
832 3062 983 3130 vagantur

106 3136 312 3200 incustoditae
325 3137 407 3198 15555
420 3153 476 3214 per
491 3155 567 3199 srva
580 3137 689 3200 boves.

69 3218 153 3282 Mane
168 3229 243 3283 erat.
277 3237 430 3284 exeussus
446 3238 555 3284 somno
568 3221 744 3302 Tirynthius
763 3229 848 3284 55555

105 3304 151 3366 De
165 3321 293 3369 munero
310 3312 417 3368 tauros
431 3305 523 3368 sentit
535 3305 648 3368 abesse
663 3306 753 3368 duos.

68 3387 151 3450 115515
165 3388 250 3451 videt
265 3404 418 3467 quaerens
432 3389 515 3451 tueiti
528 3390 658 3466 vestigia
672 3390 758 3452 furth

8 3473 54 3526 ‘ttt
100 3473 246 3534 Traxerat
261 3489 391 3535 aversos
407 3472 505 3536 cacus
520 3474 551 3534 in
567 3473 765 3535 5555155555
