2492 3926
442 231 495 303 lll,
518 231 695 298 564-639.

183 379 301 440 Auctus
321 389 399 456 erat,
418 385 550 459 populos
567 388 791 467 miscueratque
806 394 896 456 duos.

138 463 244 524 Litore
260 464 354 525 dotali
369 468 438 527 solo
455 469 615 530 comitatus
630 473 748 534 Achate

184 545 342 608 Secretum
357 551 439 612 nudo
456 553 527 611 dum
542 555 622 629 pede
637 557 733 632 carpit
747 559 811 635 iter,

67 638 121 692 605
136 632 262 707 Aspicit
277 641 441 709 errantem,
458 651 515 696 neo
531 639 657 699 credere
672 642 802 703 sustinet
813 645 932 708 Annam

179 716 270 776 Esse.
300 717 375 791 quid
389 719 419 778 in
434 719 538 781 Latios
553 721 603 783 illa
620 725 734 788 veniret
749 737 864 802 agros?

137 802 215 860 Dum
232 815 337 860 secum
353 803 491 879 Aeneas,
509 807 612 866 ‘Anna
624 814 701 870 ‘estt’
717 813 867 872 exclamat
880 815 1025 878 Achates.

179 885 231 944 Ad
246 899 357 947 nomen
376 889 476 949 voltus
495 892 617 952 sustulit
630 893 681 952 illa
696 911 781 956 suos.

138 968 203 1042 Quo
219 970 337 1044 rugiam
365 972 439 1048 quid
454 981 545 1050 agate
573 992 651 1050 <quos
667 985 765 1040 terrae
781 988 907 1055 quaerat
920 983 1043 1044 hiatus?

64 1065 126 1120 610
183 1055 264 1114 Ante
281 1058 387 1116 oculos
403 1057 533 1120 miserae
547 1061 608 1120 lata
622 1063 738 1123 sororis
754 1073 852 1126 eraut..

137 1138 254 1211 Sensit,
275 1148 304 1200 et
319 1141 495 1217 adloquitur
507 1144 655 1220 trepidam
672 1145 851 1225 Cythereius
867 1148 975 1212 heros=

28 1266 78 1302 „-„
176 1223 243 1292 rtet
258 1231 358 1292 tanteu
374 1226 528 1294 admonito
544 1237 660 1310 motus,
674 1231 789 1312 Elissa,
809 1233 859 1296 tui.

136 1318 253 1394 ‘Anna,
271 1338 327 1397 per
341 1319 514 1396 hanelare,
538 1335 629 1396 quam
651 1321 804 1397 quondam
820 1320 926 1385 audire
942 1325 1065 1386 solebas

177 1407 327 1466 Tellurem
345 1407 404 1466 tato
421 1408 618 1483 prosperiore
632 1407 708 1481 dari,

65 1502 120 1555 615
137 1491 258 1564 Perque
274 1489 352 1552 deos
369 1493 511 1567 concites,
525 1491 583 1552 hac
600 1507 698 1567 nuper
712 1492 788 1551 sede
804 1493 930 1565 locatos,

177 1571 280 1650 Saepe
295 1591 380 1636 meas
394 1575 464 1637 illos
479 1576 670 1651 increpuisse
685 1591 796 1636 moras.

132 1659 197 1717 Nec
214 1658 297 1718 timui
313 1659 352 1718 dc
367 1665 462 1720 morte
477 1667 586 1720 tarnen.
615 1667 714 1721 metus
731 1659 805 1720 aluit
820 1661 886 1720 iste.

175 1741 212 1800 Ei
228 1742 316 1802 mihil
348 1743 485 1805 credibili
500 1743 607 1805 lortior
621 1745 672 1802 illa
689 1744 752 1805 luit.

134 1825 180 1886 Ne
196 1828 285 1886 rerer.
314 1827 423 1902 aspexi
440 1843 500 1888 non
516 1827 567 1889 illo
583 1834 708 1904 pectore
723 1828 815 1903 dignu

67 1917 122 1970 620
179 1910 332 1984 Volnera,
347 1911 507 1972 Tartareas
522 1927 617 1973 ausus
633 1911 718 1972 adire
733 1913 853 1973 domos.

134 1997 176 2054 At
191 2001 234 2069 ta,
251 2010 306 2054 seu
321 1995 397 2054 ratio
414 2002 443 2055 te
459 1995 573 2056 nostris
588 1996 705 2072 appulit
719 1997 790 2066 oris,

180 2077 255 2138 Sive
270 2078 364 2153 deus,
378 2079 465 2154 regni
480 2079 642 2140 commoda
658 2094 750 2155 carpe
765 2077 834 2138 mci.

135 2161 232 2222 Multa
250 2161 303 2222 tibi
317 2177 483 2238 memores,
501 2162 543 2224 nil
557 2179 619 2224 non
635 2162 783 2224 debemus
796 2161 925 2222 Elissae.

178 2245 307 2307 Nomine
322 2253 408 2321 grata
423 2252 491 2320 tuo,
507 2254 594 2322 grata
607 2247 740 2320 sororis,
756 2245 840 2306 eris.'

67 2333 120 2386 625
136 2330 221 2391 Talia
236 2330 378 2390 dicenti...
394 2346 494 2406 neque
509 2330 589 2390 enim
603 2346 677 2406 spes
692 2331 787 2390 altera
802 2336 925 2389 restat...

180 2413 331 2487 Credidit,
349 2429 469 2474 errores
485 2415 689 2490 exposuitque
704 2429 789 2474 suos.

134 2497 238 2572 thue
254 2499 377 2558 domum
392 2498 513 2558 intravit
527 2498 637 2576 Tyrios
652 2498 757 2558 induta
772 2503 906 2572 paratus,

178 2580 289 2658 Incipit
302 2582 457 2642 Aeneas...
475 2588 576 2643 cetera
595 2582 682 2642 turba
698 2581 796 2650 silet...

135 2667 237 2726 ‘Hanc
251 2665 304 2725 tibi
320 2681 373 2726 cur
387 2665 518 2739 tradam,
535 2667 586 2742 pia
601 2681 711 2739 causa,
725 2663 852 2730 Lavinia
867 2660 1008 2736 coniunx,

67 2757 119 2808 630
178 2748 235 2808 Est
249 2748 331 2808 mihi.
361 2751 539 2826 consumpsi
556 2751 722 2824 naufragus
740 2748 830 2808 liuius
846 2761 933 2821 opes.

136 2833 210 2892 Orta
223 2831 306 2908 Tyro
322 2839 384 2908 cst,
399 2848 525 2908 regnum
539 2833 657 2911 libyca
674 2831 815 2908 possedit
829 2831 860 2889 in
877 2846 945 2890 ora=

179 2915 276 2989 Quam
292 2931 402 2992 precor
416 2923 449 2977 ut
462 2933 551 2976 carae
569 2931 653 2978 morc
668 2915 785 2977 sororis
799 2917 906 2974 ames’

135 2998 246 3059 Omnia
259 2999 417 3074 promittit,
435 3000 607 3076 falsumque
621 2999 748 3059 Lavinia
762 2997 873 3058 volnus

177 3081 281 3143 Mente
295 3084 404 3159 premit
419 3083 525 3158 tacita,
541 3083 775 3158 dissimulatque
790 3083 934 3142 fremens.

66 3181 117 3234 635
136 3167 289 3241 Donaque
303 3182 373 3228 cum
389 3166 491 3227 videat
506 3175 625 3242 praeter
643 3183 700 3228 sua
715 3165 828 3226 lumina
842 3165 914 3224 terri

177 3248 273 3309 Multa
286 3250 403 3325 palam,
419 3251 493 3311 mitti
510 3251 587 3310 clam
609 3266 732 3327 quoquc
748 3249 842 3310 multa
858 3254 951 3323 putat.

130 3335 203 3394 Non
218 3331 312 3394 habet
326 3341 482 3409 exactum,
502 3334 575 3408 quid
590 3341 668 3410 agat.
699 3333 845 3394 furialiter
860 3331 933 3406 odit,

175 3416 216 3478 Et
229 3425 318 3491 parat
334 3417 479 3492 iusidias,
495 3425 524 3478 et
543 3420 625 3494 cupit
642 3419 703 3478 ulta
717 3417 804 3477 mori.

129 3502 203 3562 Nox
218 3507 291 3560 crat.
321 3508 391 3562 ante
412 3511 507 3563 torum
524 3501 590 3561 vIsa
604 3509 652 3562 cst
667 3500 790 3560 adstare
805 3498 920 3559 sororis
