2492 3926
428 245 485 318 lv,
502 244 683 347 *uad-693.
1000 243 1062 310 287

70 409 120 461 6611
169 395 272 467 Ponit,
296 395 423 454 adorato
439 412 495 471 per
509 413 565 456 sua
579 396 674 457 verba
691 399 760 459 dea.

134 479 251 540 Interea
265 479 417 554 placidam
432 479 571 542 redimita
585 497 742 556 papavere
757 482 885 541 frontem

173 564 242 623 Nox
256 563 353 634 venit,
372 568 405 638 et
419 577 523 623 secum
539 564 659 625 somnia
673 568 758 640 nigra
774 565 871 624 trahit.

133 648 256 708 Faunus
271 647 374 720 adest,
391 645 556 722 oviumque
570 663 712 722 premens
728 649 808 724 pede
824 649 937 708 vellera
951 648 1031 709 dure

173 729 277 790 Edidit
290 746 310 790 6
323 729 431 789 dextro
447 731 519 790 talia
533 731 613 791 dicta
627 739 710 792 t0r0=

73 824 120 878 666
134 815 244 875 ‘Morte
257 813 350 872 boum
365 813 431 885 tibi,
454 830 524 886 rex,
542 815 645 874 'relius
660 816 810 891 placanda
824 816 966 875 duarum=

172 897 230 956 Det
244 897 342 958 saeris
357 896 475 957 animas
490 914 552 957 una
566 905 673 958 necata
691 900 791 959 duas!

132 980 290 1042 Excutitur
304 988 421 1040 terrore
438 981 541 1055 quies=
564 981 660 1040 Numa
675 981 742 1042 visa
756 982 896 1054 revolvit,

172 1064 211 1125 Et
224 1080 329 1124 secum
344 1063 489 1139 ambages
505 1080 659 1140 caecaque
673 1066 761 1125 iussa
773 1067 875 1126 refert.

132 1149 265 1224 Expedit
282 1155 431 1208 errantem
446 1147 563 1207 nemori
576 1148 749 1223 gratissima
763 1150 897 1209 coniunx

72 1241 119 1295 610
169 1231 208 1291 Et
221 1232 298 1291 dixit
312 1231 476 1292 ‘Gravidae
492 1231 630 1308 posceris
646 1240 716 1292 exta
731 1231 843 1292 bovis.²

132 1315 210 1376 Exta
222 1314 313 1375 bovis
329 1315 475 1390 gravidae
490 1316 608 1375 dantur.
638 1314 867 1378 fclicior‘annus

172 1398 330 1470 Provenit,
352 1407 382 1458 et
400 1400 527 1459 fructum
543 1407 623 1458 terra
637 1415 796 1475 pecusque
814 1400 921 1458 ierunt.

132 1483 217 1542 Hanc
233 1482 387 1557 quondam
402 1482 553 1558 Cytherea
567 1483 646 1541 diem
662 1484 874 1558 properantius
889 1482 936 1542 ire

172 1566 278 1638 lussit,
304 1574 335 1625 et
347 1567 502 1626 admissos
517 1566 729 1642 praecipitavit
742 1582 850 1640 equos,

74 1657 120 1712 676
133 1649 171 1710 111
184 1650 300 1711 titulum
317 1649 435 1724 imperii
450 1665 517 1709 cum
533 1650 660 1725 primum
676 1650 744 1710 luce
763 1648 903 1725 sequenti

172 1736 314 1808 Augusto
329 1734 431 1793 iuveni
446 1749 598 1809 prospera
612 1734 693 1793 betia
707 1734 823 1794 darent.

304 1867 353 1928 16.
379 1866 539 1926 BNnvnr
582 1864 631 1930 17.
655 1865 809 1926 CNtvnr

133 1983 194 2044 Sed
209 1984 269 2044 ium
284 1983 463 2059 praeteritas
479 1991 603 2059 quartus
619 1983 671 2045 tibi
684 1985 806 2044 Lucifer
819 1984 893 2043 idus

172 2067 320 2143 Respicit.
348 2067 413 2127 Hac
428 2068 555 2144 Hyades
566 2067 682 2127 Dorida
696 2075 785 2128 nocte
801 2073 911 2127 tenent

175 2199 226 2263 18.
248 2201 410 2262 DNtvnr
451 2199 500 2263 19.
522 2200 938 2261 EGER·Nnvn·m·crn

22 2373 23 2376 ,
131 2318 231 2379 Tertia
247 2326 317 2394 post
329 2319 459 2396 Hyadas
478 2334 546 2379 cum
562 2319 614 2378 iux
628 2319 685 2379 erit
699 2327 765 2379 urta
778 2326 921 2392 remotas,

72 2409 118 2463 680
174 2402 303 2462 Carcere
318 2402 446 2478 partitos
463 2402 568 2462 Circus
583 2401 706 2462 habebit
719 2416 829 2474 equos.

132 2485 194 2546 Cur
209 2486 297 2560 igitur
315 2486 428 2546 missae
445 2485 554 2545 vinctis
569 2485 705 2544 ardentia
720 2484 818 2543 taedis

173 2571 273 2643 Terga
287 2570 385 2629 serant
401 2570 525 2645 vulpes,
542 2584 636 2628 causa
651 2568 793 2628 docenda
808 2565 879 2626 mihi
894 2572 950 2624 est

130 2652 255 2726 Frigida
270 2651 439 2726 Carseolis,
462 2667 519 2711 nec
539 2653 628 2711 olivis
643 2660 715 2727 apta
730 2651 863 2709 terendis

171 2735 284 2809 Terra,
302 2737 358 2795 sed
375 2736 414 2796 ad
430 2745 552 2810 segetes
567 2734 746 2808 ingeniosus
762 2750 844 2808 ager.

71 2827 116 2881 686
130 2821 198 2881 Hae
213 2834 270 2892 ego
285 2818 443 2894 Pelignus,
467 2819 578 2878 6616116
593 2835 677 2888 rura,
700 2817 849 2893 petebam,

175 2901 290 2976 Parva,
313 2903 368 2962 sed
385 2902 519 2962 assiduis
535 2902 627 2962 uvida
642 2917 765 2976 semper
778 2901 879 2975 aquis.

132 2985 270 3061 Hospitis
287 2986 400 3060 antiqui
416 2986 523 3045 solitas
539 2984 716 3044 intravimus
733 2984 836 3043 aedes.

172 3070 353 3144 Dempserat
368 3069 500 3129 emeritis
515 3069 573 3128 iam
590 3069 659 3141 iuga
675 3066 815 3127 Phoebus
829 3065 927 3140 cquis.

130 3153 161 3213 16
177 3152 248 3210 mihi
264 3153 357 3212 multa
372 3154 511 3227 quidem,
534 3152 588 3211 sed
606 3159 637 3210 et
650 3151 726 3210 haee
741 3165 864 3209 narrare
879 3147 1006 3222 sciebat,

22 3295 23 3300 ,
68 3242 113 3296 690
163 3235 253 3296 Unde
268 3251 366 3295 meum
383 3251 531 3310 praesens
546 3235 743 3295 instrueretur
760 3250 854 3308 opum

22 3341 23 3396 q
132 3319 224 3379 ‘Huc’
239 3319 280 3378 uit
295 3319 337 3378 ‘in
354 3323 509 3394 campo’...
525 3333 727 3394 campumque
738 3316 901 3376 ostendit...
916 3315 1067 3375 ‘habebat

22 3409 24 3420 ’
165 3404 229 3462 1166
244 3402 338 3462 breve
356 3420 424 3462 cum
438 3403 516 3462 duro
532 3418 625 3477 parca
640 3403 751 3460 cotona
766 3401 842 3459 viro.

23 3565 24 3570 ἵ
131 3487 185 3546 1116
200 3503 288 3547 suam
304 3487 471 3562 peragebat
486 3486 626 3558 humum,
648 3485 716 3544 sive
729 3500 806 3544 usus
821 3480 924 3556 aratri,

998 3441 1037 3487 1,,
