2450 3932
281 232 312 305 1,
337 228 392 301 11,
413 226 528 292 e-tt.
551 229 592 305 11,
612 225 728 297 145.

288 481 438 564 LIBER
464 479 738 564 SECUNDUS.

95 603 170 705 Quid
183 635 255 697 mihi
272 635 434 696 vobiscum
447 641 503 710 est,
520 635 624 695 infelix
639 653 721 709 curo,
737 637 839 714 libelli,

17 725 18 728 ’
125 720 245 796 Ingenio
260 718 341 796 perii
357 719 409 795 qui
422 719 516 780 miser
529 719 599 795 ipsc
614 727 705 782 mcor

17 827 18 832 ¹
93 805 144 864 dur
157 805 248 865 modo
265 805 426 867 damnatas
440 811 557 880 repeto,
573 819 642 864 mca
656 805 791 881 erimina,
805 807 933 869 llusast

124 892 168 948 An
183 889 280 949 semel
296 893 344 947 est
357 903 488 966 poenam
505 889 726 950 commeruisse
740 898 869 966 parurn?

70 972 225 1034 acumina
239 973 388 1047 iecerunt,
403 978 438 1032 ιιι
449 989 498 1033 me
513 987 704 1048 cognoscere
719 974 831 1035 vellent

125 1055 228 1118 Omine
241 1071 306 1117 non
322 1057 423 1117 lausto
440 1057 553 1117 femina
568 1057 675 1135 virque
689 1074 775 1119 mcor

94 1140 223 1201 Carmina
238 1142 387 1212 lecerunt
403 1148 437 1200 ut
450 1155 500 1201 me
513 1156 680 1219 moresque
695 1149 814 1205 notaret

123 1225 182 1286 lam
195 1225 319 1285 demum
333 1225 402 1286 visa
417 1225 530 1286 Caesar
544 1226 582 1286 ab
596 1227 670 1288 Arte
684 1242 781 1287 meos.

91 1310 175 1369 Deme
188 1308 262 1368 mihi
277 1309 420 1384 studium,
435 1309 516 1369 vitae
531 1327 657 1386 quoque
672 1311 797 1372 erimina
811 1313 928 1373 domes.

54 1403 80 1455 ἰι
126 1395 294 1470 Acceptum
307 1394 410 1454 refero
423 1395 576 1468 versibus,
593 1410 665 1456 esse
678 1410 805 1457 nocens.

90 1478 148 1536 lloc
161 1477 291 1554 pretium
307 1493 400 1538 curae
415 1477 671 1554 vigilatorumque
685 1479 825 1541 laborum

128 1561 278 1637 Cepimus.
299 1562 422 1637 ingenio
438 1568 485 1624 est
497 1577 600 1639 poena
613 1569 737 1640 reperta
750 1579 831 1624 meo.

91 1644 119 1707 Si
133 1661 281 1721 saperem,
299 1645 408 1706 doctas
424 1645 560 1707 odissem
575 1648 641 1707 iure
656 1663 791 1720 sorores,

122 1729 247 1790 Numina
261 1730 371 1791 cultori
385 1730 560 1806 perniciosa
575 1747 643 1791 suo.

17 1879 18 1888 χ
57 1823 81 1874 15
94 1814 129 1873 Αι
143 1830 255 1875 nunc...
271 1821 355 1875 tanta
368 1829 437 1875 meo
453 1829 557 1875 comcs
573 1822 622 1875 est
635 1815 754 1875 insania
769 1813 908 1875 morbo...

126 1897 205 1958 Saxa
218 1901 333 1959 molum
347 1899 447 1960 refero
462 1916 569 1960 rursus
584 1900 625 1959 ad
639 1899 699 1959 iota
713 1899 839 1975 pedem:

17 1985 18 2060 3
93 1980 208 2043 Scilicet
221 1990 256 2043 ut
267 1983 368 2043 victus
383 1983 495 2059 repetit
507 1983 658 2058 gladiator
671 1983 826 2056 harenam,

128 2069 165 2128 Ει
177 2067 258 2128 redit
271 2065 302 2128 in
317 2068 449 2128 tumidas
464 2069 613 2143 naufraga
627 2067 741 2144 puppis
757 2082 865 2142 aquas.

17 2209 18 2216 ,
90 2151 224 2212 Forsitan
237 2157 273 2212 ιιι
287 2151 443 2228 quondam
458 2152 653 2212 Teuthrantia
666 2167 763 2228 regna
778 2150 901 2224 tenenti,

54 2245 79 2296 ιο
126 2235 176 2296 Sic
189 2235 264 2296 mihi
277 2251 329 2295 res
347 2237 455 2296 eadem
469 2238 582 2296 vulnus
592 2251 751 2312 opemque
767 2236 852 2308 ierat,

17 2389 18 2394 ἵ
90 2319 234 2396 Musaque
249 2335 341 2396 quam
356 2320 458 2394 movit,
473 2328 587 2382 motam
602 2334 726 2396 quoque
740 2319 832 2379 leniet
845 2303 955 2376 irams'
1048 2322 1053 2330 ’

17 2395 18 2418 ’
123 2405 260 2464 Exorant
273 2419 403 2477 magnos
419 2405 554 2464 carmina
567 2417 663 2478 saepe
678 2403 765 2463 deos.

17 2433 19 2540 ι
88 2488 154 2563 lpse
169 2503 296 2564 quoque
309 2488 467 2549 Ausonias
483 2487 596 2549 Caesar
609 2492 786 2560 matresque
799 2497 958 2558 nurusque

17 2559 19 2638 ι
125 2571 265 2632 Carmina
278 2570 446 2646 turrigerae
461 2571 564 2632 dicere
577 2570 668 2631 iussit
682 2568 749 2645 Opi.

17 2645 19 2716 l
55 2661 78 2713 ιι
89 2656 220 2717 Iusserat
234 2662 264 2716 et
277 2655 404 2716 Phoebo
418 2655 488 2732 dici,
504 2673 564 2731 quo
579 2661 716 2730 ternpore
731 2652 822 2714 ludos

122 2739 216 2814 Fecit,
233 2755 313 2815 quos
329 2746 414 2800 actas
430 2738 540 2815 aspicit
553 2755 615 2799 una
629 2737 733 2798 semel.

88 2822 136 2883 His
152 2838 265 2898 precor
280 2823 430 2898 exemplis
443 2829 495 2885 tua
509 2839 600 2895 nune,
615 2822 774 2903 mitissime
790 2820 912 2894 caesar,

122 2906 189 2966 Fiat
203 2907 242 2967 ab
256 2905 381 2982 ingenio
396 2906 517 2968 mollior
529 2908 575 2967 ira
589 2922 669 2967 meo.

17 3035 19 3050 .
90 2991 138 3050 llla
153 2990 279 3066 quidem
292 2992 374 3051 iusta
388 2999 444 3066 est,
459 3007 518 3053 nec
531 3007 581 3051 me
595 2989 746 3050 memisse
760 2987 898 3062 negabo:

55 3076 80 3130 ιι
123 3075 193 3135 Νοιι
209 3075 288 3136 adeo
304 3083 411 3136 nostro
427 3075 503 3151 fugit
517 3076 556 3136 ab
572 3091 626 3136 ore
641 3073 750 3150 pudor.

89 3157 143 3218 Sed
160 3158 220 3219 nisi
238 3173 431 3234 peccassem,
447 3159 520 3235 quid
534 3167 570 3221 tu·
583 3158 754 3221 concedere
768 3161 902 3232 posses?

122 3242 283 3302 Materiam
296 3243 406 3302 veniae
420 3249 490 3303 sor's
505 3243 559 3304 tibi
573 3248 680 3303 nostra
695 3239 787 3300 dedit.

88 3322 115 3384 Si
130 3327 273 3402 quotiens
290 3333 421 3401 peccant
435 3327 583 3401 nomines,
600 3342 657 3386 sua
671 3322 797 3385 fulmina
812 3323 910 3383 mittat
1027 3377 1033 3388 u

123 3411 270 3486 luppiter,
286 3411 399 3487 exiguo
414 3418 552 3486 tempore
566 3409 690 3471 inermis
706 3408 771 3468 erit.

54 3493 76 3548 ιι
86 3490 135 3554 llic
148 3494 203 3557 ubi
218 3495 358 3556 detonuit
374 3495 565 3572 strepituque
580 3493 725 3555 exterruit
738 3491 853 3566 orbem,
