2492 3926
478 238 544 323 tv„
557 237 732 302 sur-ert.
971 279 977 291 .
1049 240 1110 304 reu

105 400 164 454 590
224 391 360 466 cognita.
391 391 548 450 commissi
563 391 700 466 proemio
713 398 819 466 raptor
837 390 937 453 hobel.

180 478 222 536 Al
236 490 335 551 neque
348 473 546 550 Persephone
561 473 654 549 digna
668 481 716 535 est
730 475 888 550 praedone
903 475 1021 549 morito,

221 558 285 618 Nec
299 573 394 633 gener
407 557 467 620 hoc
481 556 571 617 nobis
585 574 670 618 more
684 559 841 633 parandus
857 565 930 618 crot.

182 641 260 716 Quid
274 642 399 718 gravius
412 642 528 702 victore
544 641 611 717 Gye
625 642 746 717 captiva
759 642 905 716 tulissem,
979 679 986 690 ·

223 726 319 801 Quom
333 730 458 786 nuncto
472 723 548 785 coeli
563 733 685 800 sceptra
704 731 823 785 tenente
838 725 913 785 tulil

105 820 163 875 696
177 812 294 870 Verum
312 809 436 884 impune
450 810 535 880 ierat,
559 823 617 867 nos
632 809 708 868 hacc
725 808 874 884 potiemur
889 810 1017 869 inultum

220 892 355 965 Reddat,
376 899 407 951 et
420 892 562 953 emendet
577 893 657 952 10010
671 892 775 967 priora
793 891 907 952 novis?

179 977 317 1052 luppiter
332 976 410 1035 11000
425 975 512 1048 lenit,
533 975 707 1049 laetumque
722 981 850 1036 excuset
864 960 1001 1048 amore,'

222 1061 295 1120 ‘Nec
310 1063 468 1136 generosi
484 1057 574 1128 nobis
588 1060 639 1118 illo
653 1059 830 1134 pudendus’
844 1058 894 1118 uit.

180 1145 260 1205 ‘Non
275 1159 333 1218 ego
348 1141 489 1204 nobilior.
518 1138 622 1218 posito
634 1150 684 1202 est
696 1142 768 1202 mihi
782 1143 868 1217 regia
887 1142 989 1204 caelo=

106 1239 165 1293 600
220 1226 363 1288 Possidet
377 1226 581 1302 0110000000,
597 1226 673 1286 ulter
687 1227 778 1286 inane
792 1225 899 1286 choos.

181 1311 245 1372 Sed
259 1311 286 1372 si
301 1307 379 1371 lo'rle
392 1308 447 1370 tibi
461 1327 522 1371 non
538 1318 585 1370 est
600 1309 744 1371 mutabile
760 1316 877 1385 pectus,

223 1395 349 1470 Stetque
364 1396 458 1454 semel
472 1393 564 1453 iuncti
578 1409 720 1469 rumpere
734 1395 835 1454 vincla
849 1393 916 1466 tori,

179 1479 246 1540 Hoc
262 1492 386 1554 quoque
400 1485 595 1553 temptemus,
617 1476 768 1553 siquidem
780 1477 882 1536 ieiuno
896 1478 1050 1537 remansit.

221 1561 252 1622 Si
268 1562 382 1636 minus,
400 1561 510 1622 inlerni
525 1561 664 1636 coniugis
678 1577 759 1622 uxor
773 1561 851 1620 erit’

107 1657 166 1711 605
183 1648 308 1708 Turtam
321 1646 425 1706 iussus
441 1646 505 1706 odit
520 1646 650 1720 sumptis
665 1644 822 1706 caducifer
836 1642 903 1716 0110,

221 1731 347 1808 Speque
360 1729 439 1791 redit
453 1729 542 1790 citius
559 1729 688 1803 visuque
702 1735 785 1788 certa
800 1727 901 1788 relert.

181 1815 292 1890 ‘Rupta
306 1813 414 1875 tribus’
431 1813 508 1884 dixit
521 1813 627 1873 ‘solvit
643 1809 758 1872 ieiunia
772 1809 885 1886 granis,

221 1897 334 1959 Punica
348 1913 428 1974 quae
441 1899 523 1957 lento
539 1897 652 1956 cortice
666 1911 758 1970 poma
771 1897 899 1970 tegunt!

181 1982 271 2043 Haud
285 1997 376 2042 secus
391 1980 536 2054 indoluil,
559 1996 651 2055 quom
666 1979 693 2039 si
708 1979 801 2039 modo
817 1983 905 2052 rupto
920 1973 1037 2047 luisset,

110 2075 171 2130 610
226 2066 344 2126 Moesta
357 2080 480 2141 parens.
509 2067 601 2138 longa
615 2063 731 2139 vixque
745 2062 860 2122 relecto
874 2075 959 2120 mora
973 2067 1029 2118 est.

182 2150 285 2224 Atque
298 2150 340 2209 itu
355 2148 430 2208 ‘Nec
445 2147 535 2209 nobis
551 2149 670 2208 caelum
685 2153 734 2208 est
747 2144 923 2206 habitabile’
938 2142 1029 2203 dixit=

222 2233 382 2293 ‘Taenaria
394 2232 491 2307 recipi
505 2247 554 2291 me
570 2246 693 2307 quoque
707 2231 788 2289 valle
802 2228 894 2288 iube!

88 2327 90 2330 ’
181 2317 220 2378 Ε1
234 2318 349 2377 lactura
364 2315 426 2376 luit.
457 2323 564 2390 puctus
578 2315 638 2374 nisi
652 2314 787 2388 luppiter
800 2317 892 2382 esset,

223 2400 277 2461 Bis
291 2399 386 2460 tribus
401 2405 435 2460 ut
448 2401 534 2459 coelo
549 2396 706 2457 mensibus
721 2396 772 2455 1110
785 2395 871 2467 locet,

107 2495 168 2548 616
182 2485 256 2544 Tum
271 2485 392 2546 demum
407 2483 585 2556 voltumque
600 2481 693 2540 Ceres
707 2479 902 2551 animumque
916 2476 1040 2552 recepit,

226 2567 437 2644 Imposuitque
450 2582 527 2626 suae
541 2567 647 2640 spicea
661 2569 744 2624 serta
758 2576 881 2622 comae:

183 2653 343 2726 Largaque
357 2650 500 2726 provenit
512 2648 643 2710 00000110
657 2647 768 2708 messis
783 2644 814 2705 in
830 2640 923 2717 ervis,
1035 2717 1039 2724 Ι

223 2735 261 2794 Et
274 2735 327 2794 vix
341 2742 507 2808 congestus
522 2749 594 2793 orca
608 2731 691 2806 00011
704 2745 791 2805 opes.

184 2819 264 2878 Albo
279 2817 388 2880 decent
402 2817 552 2878 cererem.
580 2815 677 2874 vestis
693 2813 860 2874 Cerialibus
874 2809 962 2871 eibos

106 2914 167 2968 600
220 2901 344 2963 Sumite.
372 2917 454 2962 nuno
468 2899 542 2976 pulli
557 2898 679 2959 velleris
694 2913 771 2958 usus
786 2895 884 2956 abest.

428 3031 479 3096 13.
502 3031 785 3094 ostomuvnr

184 3150 321 3226 Occupat
331 3151 454 3228 Aprilis·
462 3149 536 3210 Idus
551 3146 732 3223 cognomine
745 3146 853 3206 Victor

222 3233 367 3310 luppiter.
396 3235 455 3294 hec
469 3232 512 3293 illi
527 3238 598 3293 sunt
611 3231 684 3290 dote
697 3231 810 3304 templa
825 3228 886 3288 die.

182 3319 249 3378 Hoc
264 3334 396 3394 quoque,
412 3319 442 3378 ni
457 3318 554 3390 lallor,
571 3314 686 3390 populo
702 3312 882 3389 dignissimo
896 3317 1003 3374 nostro

224 3400 311 3460 Atrio
325 3401 464 3462 Libertus
480 3399 581 3478 coepit
595 3396 710 3457 habere
723 3413 790 3459 sua.
