2372 3928
162 231 228 304 qna
547 226 810 291 russonum

286 383 458 446 Credebant
476 381 573 444 nostri
587 381 693 442 tollere
708 395 806 456 posse
818 396 920 442 sones.

249 468 377 528 Graecia
390 465 572 542 principium
585 463 680 525 moris
696 463 759 524 luit.
790 464 846 524 illa
859 465 1000 528 nocentis

287 550 384 626 Impia
397 551 547 612 lustratos·
555 561 671 624 ponere
685 547 765 608 laeta
779 555 875 624 putat.

246 634 414 696 Actoriden
426 632 551 708 Peleus,
566 631 668 707 ipsum
686 645 810 706 quoque
823 631 913 693 Pelea
923 632 1021 693 Phooi

196 729 231 781 so
288 717 389 779 Caede
405 733 460 793 per
472 715 657 777 Haemonias
672 715 765 776 solvit
778 715 913 777 Acastus
923 731 1039 793 aquas.

246 802 376 862 Vestam
390 800 516 862 bernus
530 798 690 876 perinane
710 799 897 860 draconibus
910 802 1038 876 Aegeus

288 885 438 946 credulus
452 884 591 944 inmerito
603 881 737 942 Phasida
750 882 827 944 iuuit
845 899 916 959 ope.

245 968 502 1045 Amphiareiades
516 967 696 1042 Naupauou
707 966 849 1027 Acheloo
954 977 957 989 ¹

287 1052 394 1114 ‘Solve
407 1051 507 1114 neias’
523 1050 608 1112 dixit.
643 1050 736 1111 solvil
750 1057 780 1109 et
800 1049 852 1110 ille
866 1051 964 1112 usias.

194 1146 228 1200 45
242 1138 285 1196 Al
308 1136 432 1198 nimium
447 1135 568 1208 labiles,
582 1133 634 1210 qui
647 1132 745 1194 uislia
759 1133 886 1195 erimina
900 1135 1007 1196 obedis

285 1218 442 1280 Flumineo
457 1219 521 1280 tolli
537 1233 635 1295 posse
648 1217 762 1295 putetis
776 1225 875 1294 aqna!

246 1302 309 1364 Sed
322 1310 455 1363 lamen...
476 1302 592 1378 antiqui
607 1317 647 1362 ne
660 1302 785 1363 nescius
800 1302 917 1363 ordinis
938 1317 1058 1365 erres...

283 1385 414 1461 Primus,
437 1393 471 1447 ut
483 1392 548 1462 est,
569 1385 634 1447 Iani
644 1386 762 1446 mensis
777 1392 892 1447 stante
907 1386 971 1449 ruit.

246 1468 302 1543 Qui
318 1469 458 1544 sequitur
471 1470 593 1543 lanum,
608 1469 723 1530 ueteris
735 1470 791 1530 luit
808 1470 932 1532 ultimus
943 1472 1035 1532 anni:

196 1563 232 1616 50
287 1554 330 1613 Tu
346 1569 472 1630 quoque
487 1568 661 1629 sacrorum,
683 1554 837 1630 Termine,
853 1554 924 1616 linis
938 1570 1020 1616 eras.

245 1637 361 1698 Primus
377 1637 457 1698 enim
470 1637 535 1698 lani
549 1635 680 1713 mensis,
702 1637 775 1714 quia
789 1639 880 1700 ianua
894 1638 992 1714 prima
1006 1646 1064 1702 est

287 1720 343 1796 Qui
358 1736 447 1782 saeer
460 1727 510 1782 est
524 1722 592 1783 imis
606 1721 762 1796 manibus,
784 1721 863 1784 imus
879 1729 952 1783 erat.

244 1804 411 1869 Postmodo
426 1805 590 1867 ereduntur
604 1805 705 1882 spatio
720 1805 870 1869 distantia.
881 1807 974 1882 longo

286 1889 436 1965 Tempora
449 1888 497 1950 bis
514 1889 598 1968 quini
613 1888 811 1951 continuasse
826 1889 892 1950 viri.

505 2073 533 2134 1.
565 2045 824 2135 musaeu

193 2233 227 2287 ⁶5
240 2223 391 2300 Principio
406 2224 521 2285 marsis
536 2223 687 2302 Phrygiae
702 2226 890 2287 contermina
902 2226 991 2288 Matri

286 2305 413 2384 Sospita
427 2307 564 2370 delubris
580 2309 690 2371 dieitur
703 2315 794 2372 auota
812 2309 913 2372 novis.

243 2390 340 2453 ‘Nune
355 2391 408 2454 ubi
422 2400 507 2468 stunt,
522 2392 582 2454 illis
599 2409 680 2470 quae
693 2400 765 2454 sunt
778 2400 901 2455 saerata
912 2394 1063 2456 Kalendis

283 2475 409 2552 Templa
424 2476 540 2541 deael’
563 2479 655 2553 longa
670 2476 862 2553 procubuere
876 2478 937 2540 die.

243 2558 350 2621 cetera
363 2577 404 2622 ne
417 2561 508 2622 simili
523 2561 669 2622 raderent
684 2560 835 2623 labefacta
848 2563 947 2638 ruina,

192 2650 227 2706 60
282 2644 367 2704 Cavit
381 2645 492 2705 sacrati
508 2645 638 2719 provida
654 2661 728 2707 eura
741 2645 839 2720 duois,

242 2725 307 2787 Sub
327 2743 389 2802 quo
405 2726 541 2788 delubris
557 2729 684 2790 sentitur
703 2731 786 2791 nulla
798 2737 960 2792 senectus=
992 2761 995 2766 ,

281 2808 344 2868 Neo
359 2809 434 2870 salis
450 2817 499 2872 est
512 2810 669 2888 homines,
693 2813 808 2890 obligat
823 2815 875 2876 ille
894 2815 982 2876 deos.

240 2892 433 2968 templorum
447 2896 581 2972 positor,
603 2898 785 2973 templorum
799 2905 906 2960 sanate
919 2904 1071 2973 repostor,

279 2975 325 3037 Sit
339 2978 476 3054 superis,
499 2987 589 3057 opto,
610 2990 714 3043 mutua
731 2997 805 3044 oura
817 2983 870 3043 tui.

191 3068 225 3122 65
238 3060 317 3120 Dent
330 3060 384 3121 tibi
400 3063 567 3138 coelestes,
587 3081 666 3141 quos
680 3072 712 3126 tu
728 3065 929 3140 caelestibus,
945 3081 1050 3141 annos,

281 3143 402 3221 Proque
417 3153 468 3210 tua
481 3154 625 3210 maneant
638 3148 669 3210 in
684 3149 816 3212 statione
830 3149 935 3211 domo.

240 3228 324 3288 lunc
339 3245 465 3306 quoque
482 3232 576 3293 vieini
590 3233 677 3295 luous
694 3231 866 3293 celebratur
879 3233 1003 3292 lielemi

282 3310 348 3386 Qua
362 3315 439 3391 petit
452 3330 627 3390 aequoreas
642 3316 763 3378 advena
782 3315 916 3396 Thybris
931 3331 1038 3392 aquas.

239 3394 290 3456 nd
304 3400 461 3472 penetrale
475 3399 607 3474 Numae,
623 3400 887 3476 Capitolinumque
899 3401 1079 3474 Tonantem,

189 3484 223 3538 to
279 3479 377 3554 Inque
390 3481 473 3542 Iovis
493 3499 612 3542 summa
627 3484 764 3546 caeditur
777 3498 849 3544 aree
862 3483 982 3545 bidens.
