2372 3928
204 236 264 298 2¹26
580 235 604 294 F
610 224 834 295 ASTORUM
910 221 914 232 ’

223 395 273 452 17⁵
287 386 373 446 Luna
386 401 500 446 nutum
515 385 619 446 decies
634 385 773 460 implerat
788 386 933 446 cornibus
945 385 1053 446 'orbem

328 469 411 543 Quae
425 470 524 530 luerat
537 469 623 544 virgo
640 467 769 542 credita,
786 475 884 530 mater
896 476 970 529 erat.

285 555 384 614 Laesa
398 553 469 613 furit
483 555 573 628 luno,
589 553 717 614 termam
731 557 888 628 mutatque
903 553 1035 629 puellae.

328 637 407 712 Quid
420 637 519 697 facist
546 637 645 697 invito
656 643 702 696 est
716 643 842 712 pectore
856 653 952 714 passa
965 639 1065 698 lovem

285 723 386 797 thue
399 721 483 780 ferae
497 721 573 781 vidit
586 727 690 796 turpes
705 721 736 779 in
751 721 849 796 pelice
864 723 974 796 voltus,

226 809 275 864 180
330 805 439 866 ‘Huius
457 805 487 864 in
502 805 661 881 amplexus
677 805 825 880 luppiter'
841 805 939 880 inquit
952 808 1037 864 ‘eat’

285 888 365 948 Ursa
380 904 436 963 per
450 888 579 950 incultos
594 888 715 949 errabat
728 889 871 964 squalida
884 896 1017 964 montes,

328 971 411 1046 Quae
426 972 524 1031 luerat
540 987 658 1032 summo
673 987 775 1048 nuper
788 979 888 1033 amata
903 973 980 1033 lovi.

287 1055 351 1114 lam
364 1055 421 1115 tria
436 1056 531 1118 lustra
546 1071 623 1132 puer
637 1057 716 1116 furto
733 1058 902 1132 conceptus
917 1055 1037 1132 agebat

330 1139 402 1200 cum
418 1145 514 1199 mater
528 1145 598 1199 nato
614 1146 661 1199 est
676 1139 769 1200 obuia
783 1141 863 1200 lacta
877 1155 945 1201 suc.

201 1227 204 1234 '
227 1231 277 1289 185
292 1224 347 1284 Illa
362 1223 498 1298 quidem,
514 1229 670 1300 tamquam
684 1231 901 1300 cognosceret,
919 1223 1035 1286 adstitit
1046 1237 1140 1294 amena

327 1307 365 1366 Et
378 1307 500 1381 gemuit.
531 1308 662 1382 gemitus
678 1307 772 1366 verba
787 1308 923 1383 parentis
938 1313 1034 1368 erant.

287 1390 373 1450 Hanc
388 1405 464 1465 puer
477 1389 601 1466 ignarus
616 1390 717 1451 iaculo
734 1391 855 1452 fixisset
869 1399 969 1466 acuto,

328 1473 364 1532 Ni
379 1473 504 1534 taretin
518 1489 647 1550 superas
661 1481 768 1549 raptus
782 1484 912 1552 uterque
926 1477 1048 1540 domus.

289 1555 566 1634 Signapropinqua
573 1559 693 1620 micant.
701 1557 787 1619 Prior
794 1565 944 1636 estquam
952 1558 1168 1620 dicimusdrctcn

227 1647 277 1704 190
331 1641 546 1719 Arctophylax
562 1643 691 1703 lormam
702 1648 788 1717 terga
803 1644 962 1718 sequentis
977 1642 1075 1703 habet.

289 1722 393 1784 Saevit
407 1725 523 1800 adhuc,
539 1741 709 1800 canamque
724 1733 813 1802 rogat
827 1725 971 1788 Saturnia
985 1725 1105 1803 Tethyn,

330 1807 511 1870 Maenaliam
522 1809 610 1871 tactis
625 1825 664 1869 ne
678 1811 760 1870 lavet
773 1813 889 1900 Arcton
904 1811 1007 1888 aquis.

580 1941 631 2005 13.
657 1943 848 2003 DElDle

288 2054 392 2115 ldibus
410 2056 540 2130 agrestis
555 2057 671 2117 rumam
689 2058 796 2118 altaria
810 2055 915 2134 Fauni,

331 2139 387 2197 Hic
402 2139 452 2197 ubi
468 2139 617 2200 discretas
632 2140 732 2200 insula
746 2141 859 2218 rumpit
873 2157 983 2218 aquas.

227 2231 276 2288 195
291 2222 374 2280 llaec
388 2221 444 2280 tuit
457 2222 509 2280 illa
526 2223 609 2296 dies,
626 2225 656 2283 in
672 2239 733 2300 qua
746 2226 928 2286 Veientibus
945 2227 1030 2290 arvis

327 2304 386 2364 Ter
400 2311 521 2366 centum
533 2306 619 2368 Fabii
632 2313 680 2368 ter
693 2309 833 2370 cecidere
848 2309 921 2370 duo.

288 2389 355 2451 Una
370 2389 479 2451 domus
494 2391 576 2452 vires
592 2399 622 2452 et
636 2407 714 2452 onus
729 2400 910 2469 susceperat
922 2393 1027 2457 urbisz

330 2472 458 2534 Sumunt
470 2475 599 2550 gentiles
616 2491 699 2537 arma
713 2477 857 2552 professa
869 2493 997 2538 manus:

289 2557 450 2633 Egreditur
463 2560 573 2620 castris
588 2559 675 2640 miles
689 2557 860 2636 generosus
874 2561 913 2621 ab
925 2561 1036 2637 isdem,

225 2649 277 2704 200
332 2641 356 2700 Ε
372 2641 441 2717 quis
457 2643 521 2702 dux
535 2644 601 2704 lteri
617 2643 743 2718 quilibet
757 2651 848 2721 aptus
862 2652 936 2707 erat.

290 2723 457 2784 (temnentis
473 2731 580 2800 portae
594 2727 702 2787 denua
715 2735 764 2788 est
777 2729 828 2789 via
843 2729 984 2806 proxima
999 2731 1087 2792 lanc:

225 2817 277 2871 ²02
330 2809 378 2867 lre
392 2807 542 2884 perhanc
557 2811 634 2885 ncli,
651 2812 793 2888 quisquis
808 2828 853 2874 es.
882 2829 973 2874 omen
988 2815 1090 2876 babet.

223 2890 276 2956 'lut
290 2891 330 2953 Ut
344 2891 434 2952 celeri
450 2907 546 2969 passu
562 2895 732 2956 Cremeram
745 2897 872 2972 tetigere
885 2912 1071 2976 rapacem...

327 2976 479 3038 Turbidus
495 2977 631 3040 hibernis
646 2981 697 3040 ille
713 2979 830 3041 fluebat
843 2982 964 3057 aquis...

288 3059 394 3120 Castra
409 3062 479 3124 lucc
494 3070 620 3138 ponunt.
650 3063 803 3124 destrictis
817 3065 944 3126 ensibus
959 3066 1022 3142 ipsi

328 3143 517 3224 Tyrrhenum
530 3147 634 3208 valido
649 3154 744 3208 marte
757 3164 815 3224 per
828 3165 937 3225 agmen
952 3157 1036 3212 eunt

287 3227 354 3288 Non
371 3229 466 3306 aliter,
483 3247 574 3306 quam
588 3247 659 3292 curn
672 3231 789 3308 Libyca
802 3233 842 3293 de
856 3247 933 3309 rupe
948 3235 1059 3294 leones

224 3319 276 3373 210
330 3312 482 3376 Invadunt
496 3331 627 3392 sparsas
641 3315 701 3376 lata
715 3331 773 3392 per
786 3331 862 3376 arva
875 3331 997 3393 greges.

287 3395 455 3472 Diffugiunt
467 3399 590 3470 hostes,
606 3397 831 3476 inhonestaque
845 3401 974 3462 volnera
987 3407 1079 3478 terge

325 3481 502 3556 Accipiuntz
528 3481 630 3544 lusce
643 3484 791 3560 sanguine
805 3490 888 3545 terra
903 3483 1001 3545 rubet.
