2450 3932
358 229 415 305 lll,
437 227 494 306 12,
514 227 635 305 5-ra,
658 226 710 290 25.
1002 227 1046 294 65

109 381 248 460 Quisquis
263 383 290 443 is
306 388 364 456 est,
381 380 508 443 memori
521 398 677 445 rumorem
691 397 769 443 1666
783 381 901 444 reterre

140 467 176 530 lit
188 465 256 526 lieri
272 467 374 527 lamae
387 482 526 542 parsque
541 468 720 543 gradusque
734 471 847 542 potest.

70 565 97 619 lt
108 553 143 629 ls,
158 566 278 627 precor,
294 549 417 611 auditos
433 549 536 626 possit
549 566 674 612 6611616
687 549 859 626 triumphos

147 634 289 697 Caesaris
304 641 336 694 et
347 634 434 694 Latio
449 635 568 694 reddite
581 641 654 695 vota
667 635 748 695 lovi:

109 721 213 796 Teque,
229 717 416 792 rebellatrix,
431 719 564 793 tandem,
581 719 751 790 Germania,
766 717 868 792 magni

144 804 240 864 Triste
256 805 351 876 eaput
364 801 497 877 pedibus
512 803 721 878 supposuisse
736 802 834 862 dueis.

108 887 184 948 11666
197 885 272 946 mini
288 885 341 962 qui
354 887 476 960 releret,
492 902 572 962 qnae
587 903 649 948 non
664 885 782 948 vidisse
797 883 918 958 dolebo,

70 987 97 1037 tt
142 971 193 1031 llle
207 983 296 1030 meae
310 969 416 1031 domui
430 972 570 1045 protinus
583 972 702 1046 hospes
718 969 784 1031 erit

109 1055 140 1114 Ei
153 1054 239 1114 milri!
256 1054 359 1114 iamne
373 1054 485 1115 domus
502 1054 649 1134 Seythieo
664 1053 797 1116 Nasonis
813 1053 843 1112 ln
860 1051 1023 1114 61166611

142 1140 266 1214 lenique
281 1153 372 1200 suum
386 1139 458 1198 mihi
474 1140 526 1200 det
539 1156 597 1215 pro
612 1139 677 1199 1616
691 1154 794 1214 poena
807 1139 931 1198 1666161

108 1223 139 1282 bi
153 1223 251 1292 166116,
266 1229 301 1282 61
316 1221 431 1283 Caesar
446 1239 507 1284 non
521 1223 572 1284 hie
583 1224 741 1300 penetrale
755 1221 953 1298 domumque,

142 1305 318 1380 Hospitium
332 1322 454 1381 poeoee
471 1308 528 1369 sed
541 1309 615 1368 velit
629 1321 702 1366 esse
715 1313 819 1366 166661

53 1435 188 1535 13111666
203 1489 451 1549 supervacuus...
468 1473 541 1549 quid
557 1474 636 1534 enim
652 1475 707 1536 luit
719 1475 795 1535 utile
807 1474 948 1549 gignit...

144 1559 191 1618 Ad
207 1575 265 1618 666
278 1556 393 1619 Ν616116
408 1566 549 1634 tempora
563 1565 670 1620 noster
683 1559 782 1619 adest.

110 1643 190 1715 llure,
207 1643 281 1717 qnid
296 1642 336 1702 ad
351 1642 482 1703 miseros
497 1641 644 1704 veniebas
659 1642 760 1703 exulis
775 1648 895 1702 annosi

142 1725 300 1786 Debueras
315 1725 374 1786 illis
389 1726 569 1801 inposuisse
583 1727 717 1787 modum.

106 1808 133 1868 Si
146 1809 198 1868 tibi
213 1825 288 1871 6616
302 1810 371 1884 mel,
387 1810 436 1871 vel
451 1810 478 1871 si
494 1810 596 1886 pudor
612 1811 694 1870 ullus
709 1808 844 1881 adesset,

144 1893 210 1953 Non
223 1894 304 1956 ultra
318 1894 448 1969 patriam
462 1910 511 1954 me
525 1909 693 1968 sequerere
706 1907 821 1952 meem=

111 1975 231 2052 Quoque
244 1978 316 2038 1666
332 1979 462 2052 primum
476 1977 529 2038 tibi
545 1979 707 2038 sum-male
722 1975 862 2052 cognitus
877 1972 990 2046 iniens,

140 2061 193 2123 lllo
206 2069 389 2138 temptasses
406 2062 529 2122 ultimus
544 2076 617 2123 6666
630 2061 719 2121 mihiz

111 2144 227 2221 lemque
239 2144 451 2220 relinquenda,
467 2147 552 2222 quod
565 2146 645 2207 idem
661 2147 763 2206 iecere
778 2143 913 2214 sodales,

75 2234 99 2285 tt
142 2229 181 2289 Tu
196 2245 321 2306 quoqne
335 2229 471 2290 dixisses
487 2229 581 2290 tristis
596 2229 627 2289 in
641 2229 725 2291 Urbe
739 2227 817 2288 vele.

112 2311 179 2385 Quid
193 2314 246 2375 tibi
262 2330 331 2374 666
346 2314 467 2375 Pontot
487 2331 559 2374 num
574 2321 604 2374 te
619 2327 745 2388 quoque
763 2307 903 2382 Caesaris
917 2306 964 2366 ira

144 2397 316 2458 Extremam
331 2397 425 2472 gelidi
438 2398 521 2458 misit
534 2399 564 2456 in
580 2397 664 2457 orbis
678 2396 824 2455 humumt

113 2477 224 2544 Seilleet
237 2489 386 2558 expectes
401 2481 483 2542 soliti
497 2482 551 2542 tibi
566 2481 659 2541 moris
672 2479 832 2547 honorem,

145 2565 277 2627 Pendeat
292 2582 331 2626 ex
344 2565 481 2627 humeris
495 2566 591 2626 restis
608 2570 642 2625 61
656 2562 726 2623 alba
740 2558 827 2631 meio,

77 2647 100 2699 tt
110 2647 226 2710 Fumida
240 2651 379 2725 cingatur
393 2649 576 2711 florentibus
591 2664 646 2708 616
659 2643 792 2716 6616616,

142 2732 280 2810 ldieeque
295 2735 436 2795 sollemni
452 2733 571 2794 1611616
586 2732 656 2806 igne
671 2736 770 2802 sonet,

109 2813 236 2890 Libaque
251 2818 459 2893 deproperem
473 2816 605 2892 genitale
620 2814 755 2876 notantia
771 2818 900 2884 tempus,

145 2897 384 2978 concipiamque
398 2902 496 2963 bonas
513 2916 566 2961 ore
582 2900 703 2958 iavente
718 2899 850 2972 preces?

110 2981 166 3042 lion
181 2985 305 3046 116666
321 2986 453 3061 positus,
469 2999 527 3044 nee
543 2990 614 3044 sunt
629 2998 666 3042 ea
678 2990 818 3055 tempore
832 2974 934 3050 nobis,

76 3065 101 3118 to
143 3068 284 3130 Adventu
299 3070 417 3145 possim
433 3071 532 3130 laetus
546 3073 580 3127 ut
593 3082 666 3127 esse
680 3072 744 3126 tuo.

110 3148 229 3212 Funeris
245 3170 299 3214 ara
311 3154 395 3228 milri,
411 3153 498 3213 ferali
513 3153 612 3212 616616
627 3163 789 3225 cupresso,

147 3235 291 3298 Convenit
305 3243 336 3297 et
350 3237 474 3298 61166116
491 3236 613 3296 damma
628 3240 735 3310 parata
748 3228 843 3305 rogis.

111 3313 165 3378 llee
179 3319 254 3380 dare
267 3328 336 3382 1616
352 3321 427 3381 libet
440 3321 482 3380 nil
498 3320 656 3381 exorantia
671 3317 771 3388 divos,

43 3451 44 3485 ᾗ
145 3401 178 3462 16
192 3404 281 3466 tentis
296 3405 430 3465 subeunt
445 3419 503 3464 nee
517 3404 600 3465 bona
612 3401 707 3462 verba
722 3399 820 3458 malis.

78 3479 138 3542 ast
150 3491 248 3546 tamen
263 3494 313 3549 est
325 3488 443 3564 aliquid
458 3487 548 3548 nobis
562 3487 621 3546 hae
635 3487 703 3546 1666
719 3479 895 3560 petendum,
