2492 3926
186 225 247 290 302
563 220 815 282 FASTOliUM

268 375 380 450 “Quod
395 374 491 450 petis,
508 372 647 432 Oleniis”
663 373 786 448 inquam
804 369 903 430 “mihi
917 371 1034 432 missus
1051 372 1091 432 ab
1110 376 1197 437 arvis

209 489 211 496 ·
306 459 378 519 Flos
395 457 487 516 dabit.
517 463 565 516 est
578 456 674 516 hortis
690 456 798 516 unicus
813 456 864 516 ille
879 455 967 515 meis.

267 542 321 616 Qui
344 541 436 601 dabat
457 539 601 600 “ellae”
625 539 700 599 dixit
713 539 887 602 “‘stcrilem
904 555 1030 614 quoque
1044 547 1144 616 tange
1167 543 1208 601 iu·

889 638 1027 695 vcncam,

307 709 404 768 Mater
419 709 522 768 erit.”’
551 707 655 781 Tetigi,
669 721 727 766 nec
741 722 836 780 mora,
851 714 948 766 mater
962 711 1064 766 erat.”

199 801 250 854 255
263 791 404 852 Protinus
421 792 597 852 haerentem
613 791 754 864 decerpsi
772 790 885 866 pollice
900 789 1025 850 liorem=

304 876 464 950 Tangitur,
487 883 517 934 et
531 881 611 934 tacto
630 875 763 949 concipit
779 874 831 932 illa
845 873 925 933 sinu.

263 960 390 1034 lamque
405 960 509 1034 gravis
524 958 659 1018 Thracen
677 965 706 1017 et
720 959 809 1017 laeva
822 957 1029 1031 Propontidos
1046 957 1153 1028 intrat,

306 1042 415 1118 Fitque
429 1050 539 1118 potens
554 1044 631 1112 voti,
650 1041 796 1116 Marsque
811 1047 933 1100 creatus
949 1047 1023 1100 erat.

265 1124 320 1199 Qui
335 1141 452 1186 memor
466 1127 584 1200 accepti
599 1141 654 1201 per
672 1141 720 1185 me
735 1125 843 1183 natalis
860 1123 1003 1184 “Habeto

198 1219 249 1274 260
304 1209 348 1270 Tu
364 1226 487 1284 quoque
502 1211 675 1269 Romulea”
692 1209 767 1268 dixit
781 1209 836 1267 “in
853 1208 929 1267 urbe
944 1208 1087 1268 locum.’⁹

262 1292 401 1352 Forsitan
418 1294 449 1351 in
463 1293 575 1352 teneris
591 1299 704 1353 tautum
720 1307 788 1351 men
802 1307 897 1366 regna
914 1293 1037 1350 coronis

302 1375 382 1436 Esse
395 1384 494 1451 putes.
511 1375 606 1450 tangit
621 1392 731 1436 nunien
748 1383 777 1436 et
792 1391 865 1434 arva
879 1389 988 1432 meum.

264 1457 296 1518 Si
311 1459 389 1519 bene
404 1458 426 1519 fl
449 1461 562 1519 ruerint
576 1468 712 1534 segetes,
736 1460 792 1519 erit
806 1475 878 1518 area
897 1458 1001 1518 dives=

305 1543 337 1602 Si
351 1544 430 1603 bene
472 1544 584 1604 eruerit
597 1544 695 1614 vinea,
712 1542 852 1601 Bacchus
869 1541 933 1613 erit,

197 1636 247 1690 265
264 1625 295 1685 Si
314 1629 390 1686 liene
405 1625 562 1687 floruerint
577 1628 671 1700 oleae,
698 1625 897 1686 nitidissimus
914 1641 1029 1684 annus:

304 1710 457 1785 Pomaque
472 1715 652 1786 proventum
667 1711 813 1785 temporis
829 1709 920 1770 huius
935 1707 1062 1769 habent.

261 1793 351 1854 Flore
366 1797 460 1854 semel
477 1795 562 1855 laeso
579 1802 706 1868 pereunt
721 1793 881 1869 viciaeque
896 1793 1059 1869 iubaeque,

302 1877 339 1937 Et
353 1885 482 1952 pereunt
495 1881 606 1950 lentes,
628 1879 748 1938 advena
762 1877 836 1953 Nile,
852 1883 932 1939 tuae.

262 1961 341 2020 Vina
357 1977 480 2037 quoque
496 1962 526 2021 in
541 1963 658 2040 magnis
675 1978 807 2036 operose
822 1962 945 2022 condita
962 1962 1050 2024 cellis

197 2047 248 2102 270
302 2045 432 2118 Floreat,
456 2054 485 2105 et
499 2045 629 2106 nebulae
645 2047 727 2105 dolia
742 2061 860 2106 sunium
875 2051 989 2120 tegunt.

261 2127 352 2186 illella
366 2144 465 2186 meum
480 2145 599 2189 munus.
630 2130 771 2190 volucres
786 2145 843 2204 ego
858 2130 950 2188 mella
965 2129 1099 2190 daarras

300 2207 349 2270 Ad
365 2211 475 2270 violam
491 2219 521 2270 et
535 2212 652 2287 cytisos
669 2220 699 2273 et
711 2213 816 2290 thyma
831 2229 909 2273 cana
923 2227 1014 2272 voco.

261 2294 322 2354 Nos
339 2309 463 2370 quoque
478 2295 559 2354 idem
575 2294 702 2357 tacimus
719 2305 797 2372 tune,
814 2313 883 2357 cum
898 2295 1100 2359 iuvenalibus
1117 2301 1203 2359 annis

300 2379 465 2439 Luxuriant
480 2380 584 2451 animi,
609 2395 800 2455 corporaque
814 2381 884 2456 ipsa
899 2380 1027 2454 vigent?

195 2467 245 2522 275
260 2462 342 2521 Talia
357 2463 495 2523 dieenten
511 2464 618 2523 tacitus
633 2463 771 2523 mirabar.
800 2465 907 2524 Atilia

304 2547 366 2606 ‘Ius
382 2547 434 2607 tibi
449 2548 598 2619 discendi,
614 2548 704 2622 siqua
717 2549 861 2622 requiris’
878 2549 928 2607 ait.

262 2630 328 2689 ‘Dic
344 2631 430 2701 dea,’
452 2631 600 2704 respondi
615 2633 769 2692 ‘ludorum
785 2647 864 2707 quae
880 2634 919 2692 sit
933 2632 1047 2705 origo!

301 2714 359 2772 Vix
374 2713 453 2771 bene
469 2715 635 2786 desieram,
658 2717 770 2775 rettulit
783 2717 834 2775 illa
848 2716 937 2774 mihi:

261 2795 378 2854 ‘Cetera
393 2797 532 2856 luxuriae
546 2799 680 2858 nondum
695 2801 895 2859 instrumenta
910 2797 1077 2873 vigebant:

193 2885 244 2938 280
300 2879 360 2938 Aut
373 2895 486 2956 pecus,
509 2889 561 2942 aut
576 2884 665 2942 latam
681 2883 768 2942 dives
783 2883 916 2943 habebat
930 2883 1073 2942 humum.

259 2963 335 3021 Hine
352 2965 439 3024 etiam
455 2967 609 3041 locuples,
633 2966 703 3026 hinc
720 2968 788 3041 ipsa
803 2968 934 3042 pecunia
950 2966 1034 3025 dicta
1052 2979 1118 3029 est.

298 3045 359 3106 Sed
373 3047 432 3108 iam
449 3050 488 3109 de
503 3051 594 3112 vetito
612 3052 743 3125 quisque
759 3051 887 3125 parabat
902 3065 987 3124 opes.

258 3131 391 3191 Venerat
405 3133 434 3192 iu
450 3149 565 3194 morem
580 3135 687 3210 populi
703 3135 872 3209 depascere
887 3132 992 3207 saltus,

295 3214 390 3288 quue
406 3217 458 3277 diu
476 3218 572 3291 licuit,
594 3232 758 3294 poenaque
772 3218 856 3278 nulla
875 3217 939 3277 suit.

192 3305 242 3359 285
257 3297 388 3359 Vindice
402 3300 545 3360 servabat
560 3303 642 3362 nullo
658 3318 715 3362 sua
731 3301 854 3376 publica
870 3301 996 3374 volgus=

296 3382 421 3458 lamque
437 3384 466 3442 in
482 3383 600 3458 privato
616 3401 745 3460 pascere
760 3385 865 3445 inertis
881 3392 953 3444 erat.

256 3463 358 3523 Plebis
375 3466 414 3524 ad
429 3467 544 3528 aediles
563 3469 712 3542 perducta
727 3468 849 3529 licentia
861 3466 930 3527 talis
