2492 3926
173 235 238 299 312
554 233 578 293 F
585 231 808 294 ASTORUM

261 387 362 464 Saepe
383 387 460 448 deus
476 385 612 462 prudens
625 392 741 460 tergum
761 384 885 447 demisit
903 386 933 444 in
947 385 1060 473 undas?

300 471 432 533 Haereat
446 475 479 532 ut
493 469 572 532 eollo
588 469 696 531 fortius
711 469 762 528 illa
776 485 843 530 suo.

196 563 248 618 616
263 554 415 618 Litoribus
432 554 520 616 tactis
536 553 636 614 stabat
649 551 716 612 sine
732 553 877 615 cornibus
891 553 963 616 uilis

301 639 446 716 luppiter.
479 639 571 712 inque
587 637 678 698 deum
695 636 734 696 de
747 636 829 698 bove
850 653 959 700 versus
975 645 1049 700 erat.

260 723 379 785 Taurus
393 722 448 785 init
463 723 590 783 eaelum.
619 728 664 797 te,
686 719 809 797 Sidoni,
825 722 961 798 luppiter
979 721 1098 798 impiet,

300 805 437 883 Parsque
451 812 536 866 tuum
550 814 648 867 terrae
665 805 751 865 tertia
766 820 878 866 nomen
896 805 997 868 habet

259 888 326 949 Hoe
341 890 391 952 alii
406 890 526 966 signum
539 887 679 949 Phariam
694 890 801 950 dixere
815 889 984 964 iuvencam,

193 983 246 1038 620
302 973 387 1047 Quae
402 975 461 1035 bos
476 989 515 1034 ex
529 973 652 1034 homine
664 980 726 1047 est,
745 989 785 1032 ex
797 972 879 1040 bove
893 975 974 1036 faeta
988 974 1058 1034 dea.

259 1059 333 1118 Thrn
350 1073 476 1134 quoque
490 1057 662 1134 priscorum
675 1057 763 1131 virgo
779 1056 941 1118 simulacra
954 1059 1094 1119 virorum

301 1140 420 1202 Mittere
433 1141 565 1203 roboreo
582 1141 702 1217 scirpea
716 1146 810 1216 ponte
825 1142 913 1204 solet.

261 1224 397 1300 Corpore
412 1231 484 1301 post
499 1224 603 1284 decies
619 1239 713 1286 senos
729 1225 781 1301 qui
801 1225 931 1306 eredidit
945 1241 1044 1286 annos

301 1308 398 1369 Missa
412 1309 495 1381 neci,
513 1307 640 1368 sceleris
656 1308 781 1370 erimine
796 1309 920 1372 damnat
933 1325 1021 1371 avos.

192 1399 243 1454 aab
258 1391 352 1452 Fama
368 1397 467 1453 vetus.
499 1400 569 1453 tune
584 1407 652 1455 eum
669 1391 810 1455 Saturnia
823 1400 904 1456 terra
920 1402 1028 1455 vocata
1043 1402 1108 1469 est,

302 1476 386 1538 Talia
401 1476 515 1538 fatidici
535 1475 615 1536 dieta
630 1476 714 1536 fuere
728 1478 826 1539 lovis:

260 1561 422 1624 ‘Faieiiero
437 1561 531 1622 libata
546 1562 612 1622 seni
628 1561 689 1623 duo
705 1577 838 1638 corpora
851 1563 949 1639 gentis

300 1645 422 1721 Mittite,
439 1661 519 1722 quae
532 1644 640 1707 Tuseis
655 1645 847 1720 excipiantur
860 1647 970 1722 aquis?

259 1730 366 1791 Donee
381 1730 412 1790 in
426 1729 503 1790 haee
516 1729 599 1792 venit
613 1728 788 1808 Tirynthius
803 1745 892 1808 arva,
909 1731 1078 1806 quotannis

194 1821 246 1876 630
303 1813 412 1874 Tristia
424 1813 579 1875 Leucadio
600 1829 690 1874 saera
704 1821 830 1890 peraeta
845 1815 953 1877 modo:

260 1898 348 1958 Ilium
364 1898 546 1961 stramineos
561 1897 591 1957 in
608 1913 720 1974 aquam
736 1897 859 1960 misisse
874 1899 1021 1974 Quirites:

302 1981 443 2044 Hereuiis
459 1983 601 2058 exemplo
617 1996 748 2058 corpora
762 1983 841 2043 falsa
855 1983 923 2045 iaci.

258 2064 333 2126 Pars
348 2073 449 2141 putat,
468 2072 502 2126 ut
515 2067 627 2127 terrent
641 2066 769 2126 iuvenes
784 2065 929 2142 suffragia
944 2068 1013 2142 soli,

301 2147 447 2210 Pontibus
462 2149 600 2210 infirmos
615 2149 837 2226 praecipitasse
852 2166 954 2212 senes.

195 2237 246 2295 666
259 2230 390 2310 Thybri,
409 2231 487 2293 doee
502 2247 618 2294 verum.
649 2240 702 2294 tua
715 2236 783 2311 ripa
796 2236 947 2297 vetustior
959 2234 1044 2297 Urbe
1059 2243 1131 2296 est.-

299 2313 484 2391 Prineipium
498 2315 573 2378 ritus
588 2323 619 2377 tu
633 2317 714 2378 bene
725 2334 820 2380 nosse
834 2327 934 2396 potes.

258 2399 391 2478 Thybris
412 2401 618 2462 arundiierum
634 2401 737 2464 medio
758 2412 849 2481 eaput
864 2405 971 2465 extulit
982 2405 1074 2466 alveo

300 2485 469 2559 Raucaque
484 2484 611 2548 dimovit
624 2485 735 2548 talibus
752 2503 806 2548 ora
819 2488 922 2550 sonisr

260 2567 355 2628 ‘Haeo
370 2568 440 2630 toea
454 2569 595 2632 desertas
613 2569 677 2630 vidi
697 2571 764 2632 sine
782 2571 941 2634 moenibus
958 2571 1088 2632 herbas=

195 2658 246 2714 646
301 2649 453 2713 Paseebat
470 2668 598 2728 sparsas
612 2661 743 2731 utraque
757 2656 824 2731 ripa
842 2656 951 2717 boves.

257 2734 295 2795 Et
310 2749 401 2809 quem
418 2750 499 2795 nuno
513 2743 621 2811 gentes
638 2738 768 2799 Tiberim
784 2747 957 2815 noruntque
974 2740 1161 2818 timentque,

300 2816 383 2878 Tune
403 2817 494 2880 etiam
508 2821 614 2895 pecori
631 2820 850 2898 despiciendus
867 2839 959 2884 eram.

257 2901 390 2964 Areadis
405 2901 540 2965 Euandri
555 2920 666 2969 nomen
681 2906 734 2968 tibi
749 2923 844 2984 saepe
857 2907 1001 2968 refertur:

300 2985 354 3046 iiie
369 3002 454 3050 meas
469 2989 561 3052 remis
582 2990 702 3050 advena
716 2991 805 3053 torsit
818 3007 926 3067 aquas.

194 3079 246 3136 645
266 3069 356 3130 Venit
375 3078 406 3131 et
422 3073 562 3150 Alcides,
577 3073 667 3135 turba
682 3076 843 3137 comitatus
859 3075 989 3136 Achiva.

300 3149 427 3231 Albula,
445 3157 471 3217 si
488 3157 626 3234 memini,
641 3166 713 3221 tune
733 3159 805 3220 mihi
821 3175 932 3220 nomen
949 3165 1024 3220 erat.

257 3235 380 3314 Excipit
394 3239 529 3316 hospitio
545 3242 686 3302 iuvenem
702 3243 867 3305 Pallantius
882 3243 990 3304 heros:

299 3321 337 3380 Et
351 3323 474 3383 tandem
490 3323 569 3384 Cano
587 3325 688 3386 debita
702 3343 805 3402 poena
820 3326 910 3388 venit..
925 3395 928 3402 Ι

258 3402 365 3464 Victor
380 3404 456 3481 abit,
475 3421 644 3482 secumque
655 3408 769 3484 boves,
783 3411 952 3488 Erytheida
968 3410 1137 3490 praedam,

191 3490 243 3544 666
300 3485 466 3550 Abstrahit.
495 3490 535 3553 At
550 3491 676 3552 comites
690 3493 811 3570 longius
826 3494 871 3555 ire
885 3501 1008 3572 negant.
