<?xml version="1.0" encoding="UTF-8"?>
<!DOCTYPE html PUBLIC "-//W3C//DTD XHTML 1.0 Transitional//EN"
    "http://www.w3.org/TR/xhtml1/DTD/xhtml1-transitional.dtd">
<html xmlns="http://www.w3.org/1999/xhtml" xml:lang="en" lang="en">
 <head>
  <title>
</title>
<meta http-equiv="Content-Type" content="text/html;charset=utf-8" />
  <meta name='ocr-system' content='tesseract 3.04.00' />
  <meta name='ocr-capabilities' content='ocr_page ocr_carea ocr_par ocr_line ocrx_word'/>
</head>
<body>
  <div class='ocr_page' id='page_1' title='image "./povidiusnaso00goog_0290.png"; bbox 0 0 2492 3926; ppageno 0'>
   <div class='ocr_carea' id='block_1_1' title="bbox 412 203 663 282">
    <p class='ocr_par' dir='ltr' id='par_1_1' title="bbox 412 203 663 282">
     <span class='ocr_line' id='line_1_1' title="bbox 412 203 663 282; baseline -0.016 -14"><span class='ocrx_word' id='word_1_1' title='bbox 412 207 464 282; x_wconf 86' lang='lat' dir='ltr'><strong>IV,</strong></span> <span class='ocrx_word' id='word_1_2' title='bbox 487 203 663 270; x_wconf 75' lang='lat' dir='ltr'><strong>tet—400.</strong></span> 
     </span>
    </p>
   </div>
   <div class='ocr_carea' id='block_1_2' title="bbox 116 356 831 520">
    <p class='ocr_par' dir='ltr' id='par_1_2' title="bbox 116 356 831 520">
     <span class='ocr_line' id='line_1_2' title="bbox 116 356 820 433; baseline -0.004 -12"><span class='ocrx_word' id='word_1_3' title='bbox 116 359 287 422; x_wconf 77' lang='lat' dir='ltr'><strong>‘Candidus</strong></span> <span class='ocrx_word' id='word_1_4' title='bbox 303 357 399 420; x_wconf 79' lang='lat' dir='ltr'><strong>elisae</strong></span> <span class='ocrx_word' id='word_1_5' title='bbox 413 359 558 419; x_wconf 85' lang='lat' dir='ltr'><strong>miscetur</strong></span> <span class='ocrx_word' id='word_1_6' title='bbox 572 373 683 418; x_wconf 91' lang='lat' dir='ltr'><strong>caseus</strong></span> <span class='ocrx_word' id='word_1_7' title='bbox 698 356 820 433; x_wconf 82' lang='lat' dir='ltr'><strong>herbae,</strong></span> 
     </span>
     <span class='ocr_line' id='line_1_3' title="bbox 153 440 831 520; baseline -0.006 -15"><span class='ocrx_word' id='word_1_8' title='bbox 153 445 330 520; x_wconf 81' lang='lat' dir='ltr'><strong>cognoscat</strong></span> <span class='ocrx_word' id='word_1_9' title='bbox 342 442 466 518; x_wconf 88' lang='lat' dir='ltr'><strong>priseos</strong></span> <span class='ocrx_word' id='word_1_10' title='bbox 480 448 514 503; x_wconf 89' lang='lat' dir='ltr'><strong>ut</strong></span> <span class='ocrx_word' id='word_1_11' title='bbox 528 441 588 502; x_wconf 89' lang='lat' dir='ltr'><strong>dea</strong></span> <span class='ocrx_word' id='word_1_12' title='bbox 602 440 705 516; x_wconf 88' lang='lat' dir='ltr'><strong>prisca</strong></span> <span class='ocrx_word' id='word_1_13' title='bbox 721 440 831 502; x_wconf 65' lang='lat' dir='ltr'><strong>cibos?</strong></span> 
     </span>
    </p>
   </div>
   <div class='ocr_carea' id='block_1_3' title="bbox 390 574 693 638">
    <p class='ocr_par' dir='ltr' id='par_1_3' title="bbox 390 574 693 638">
     <span class='ocr_line' id='line_1_4' title="bbox 390 574 693 638; baseline -0.013 0"><span class='ocrx_word' id='word_1_14' title='bbox 390 574 419 638; x_wconf 89' lang='lat'><strong>5.</strong></span> <span class='ocrx_word' id='word_1_15' title='bbox 450 575 585 636; x_wconf 89' lang='lat' dir='ltr'>GNON</span> <span class='ocrx_word' id='word_1_16' title='bbox 606 591 693 634; x_wconf 79' lang='lat' dir='ltr'><strong>rvur</strong></span> 
     </span>
    </p>
   </div>
   <div class='ocr_carea' id='block_1_4' title="bbox 64 690 880 1018">
    <p class='ocr_par' dir='ltr' id='par_1_4' title="bbox 64 690 880 1018">
     <span class='ocr_line' id='line_1_5' title="bbox 113 690 813 753; baseline 0.001 -2"><span class='ocrx_word' id='word_1_17' title='bbox 113 693 239 753; x_wconf 89' lang='lat' dir='ltr'><strong>Postera</strong></span> <span class='ocrx_word' id='word_1_18' title='bbox 254 707 322 752; x_wconf 93' lang='lat' dir='ltr'><strong>cum</strong></span> <span class='ocrx_word' id='word_1_19' title='bbox 337 692 423 752; x_wconf 90' lang='lat' dir='ltr'><strong>caelo</strong></span> <span class='ocrx_word' id='word_1_20' title='bbox 438 691 529 753; x_wconf 92' lang='lat' dir='ltr'><strong>motis</strong></span> <span class='ocrx_word' id='word_1_21' title='bbox 543 690 706 752; x_wconf 90' lang='lat' dir='ltr'><strong>Pallantias</strong></span> <span class='ocrx_word' id='word_1_22' title='bbox 722 692 813 752; x_wconf 90' lang='lat' dir='ltr'><strong>astris</strong></span> 
     </span>
     <span class='ocr_line' id='line_1_6' title="bbox 151 775 815 850; baseline 0.002 -15"><span class='ocrx_word' id='word_1_23' title='bbox 151 776 299 850; x_wconf 85' lang='lat' dir='ltr'><strong>Fulserit,</strong></span> <span class='ocrx_word' id='word_1_24' title='bbox 316 781 346 836; x_wconf 90' lang='lat' dir='ltr'><strong>et</strong></span> <span class='ocrx_word' id='word_1_25' title='bbox 360 776 469 836; x_wconf 90' lang='lat' dir='ltr'><strong>niveos</strong></span> <span class='ocrx_word' id='word_1_26' title='bbox 484 776 571 836; x_wconf 90' lang='lat' dir='ltr'><strong>Luna</strong></span> <span class='ocrx_word' id='word_1_27' title='bbox 584 775 693 835; x_wconf 87' lang='lat' dir='ltr'><strong>levarit</strong></span> <span class='ocrx_word' id='word_1_28' title='bbox 707 791 815 850; x_wconf 89' lang='lat' dir='ltr'><strong>equos,</strong></span> 
     </span>
     <span class='ocr_line' id='line_1_7' title="bbox 64 856 880 934; baseline -0.004 -13"><span class='ocrx_word' id='word_1_29' title='bbox 64 869 105 924; x_wconf 79' lang='grc'><strong>373</strong></span> <span class='ocrx_word' id='word_1_30' title='bbox 120 861 173 934; x_wconf 82' lang='lat' dir='ltr'><strong>Qui</strong></span> <span class='ocrx_word' id='word_1_31' title='bbox 189 860 270 920; x_wconf 90' lang='lat' dir='ltr'><strong>dicet</strong></span> <span class='ocrx_word' id='word_1_32' title='bbox 285 856 459 933; x_wconf 74' lang='lat' dir='ltr'><strong>‘Quondam</strong></span> <span class='ocrx_word' id='word_1_33' title='bbox 474 865 593 919; x_wconf 85' lang='lat' dir='ltr'><strong>sacrata</strong></span> <span class='ocrx_word' id='word_1_34' title='bbox 608 864 657 919; x_wconf 89' lang='lat' dir='ltr'><strong>est</strong></span> <span class='ocrx_word' id='word_1_35' title='bbox 671 859 750 919; x_wconf 95' lang='lat' dir='ltr'><strong>colle</strong></span> <span class='ocrx_word' id='word_1_36' title='bbox 768 858 880 933; x_wconf 80' lang='lat' dir='ltr'><strong>Quirini</strong></span> 
     </span>
     <span class='ocr_line' id='line_1_8' title="bbox 153 937 789 1018; baseline -0.002 -16"><span class='ocrx_word' id='word_1_37' title='bbox 153 945 218 1004; x_wconf 83' lang='lat' dir='ltr'><strong>liae</strong></span> <span class='ocrx_word' id='word_1_38' title='bbox 231 943 366 1004; x_wconf 79' lang='lat' dir='ltr'>Fortuna</span> <span class='ocrx_word' id='word_1_39' title='bbox 380 944 430 1004; x_wconf 92' lang='lat' dir='ltr'><strong>die</strong></span> <span class='ocrx_word' id='word_1_40' title='bbox 444 937 600 1018; x_wconf 88' lang='lat' dir='ltr'><strong>Publica,&#39;</strong></span> <span class='ocrx_word' id='word_1_41' title='bbox 616 958 709 1004; x_wconf 88' lang='lat' dir='ltr'><strong>verus</strong></span> <span class='ocrx_word' id='word_1_42' title='bbox 725 942 789 1002; x_wconf 93' lang='lat' dir='ltr'><strong>crit.</strong></span> 
     </span>
    </p>
   </div>
   <div class='ocr_carea' id='block_1_5' title="bbox 50 1074 1047 1140">
    <p class='ocr_par' dir='ltr' id='par_1_5' title="bbox 50 1074 1047 1140">
     <span class='ocr_line' id='line_1_9' title="bbox 50 1074 1047 1140; baseline -0.002 -2"><span class='ocrx_word' id='word_1_43' title='bbox 50 1077 265 1138; x_wconf 79' lang='lat' dir='ltr'><strong>[thlPevor</strong></span> <span class='ocrx_word' id='word_1_44' title='bbox 308 1074 526 1140; x_wconf 78' lang='lat' dir='ltr'><strong>7.ANevn1</strong></span> <span class='ocrx_word' id='word_1_45' title='bbox 567 1077 598 1140; x_wconf 85' lang='grc'><strong>8.</strong></span> <span class='ocrx_word' id='word_1_46' title='bbox 620 1078 678 1138; x_wconf 86' lang='grc' dir='ltr'><strong>ΒΝ</strong></span> <span class='ocrx_word' id='word_1_47' title='bbox 697 1095 783 1139; x_wconf 80' lang='lat' dir='ltr'><strong>tuor</strong></span> <span class='ocrx_word' id='word_1_48' title='bbox 826 1078 855 1138; x_wconf 84' lang='lat'><strong>9.</strong></span> <span class='ocrx_word' id='word_1_49' title='bbox 886 1077 1047 1138; x_wconf 75' lang='lat' dir='ltr'><strong>clitum</strong></span> 
     </span>
    </p>
   </div>
   <div class='ocr_carea' id='block_1_6' title="bbox 62 1195 966 2200">
    <p class='ocr_par' dir='ltr' id='par_1_6' title="bbox 62 1195 966 2200">
     <span class='ocr_line' id='line_1_10' title="bbox 115 1195 945 1270; baseline 0.001 -17"><span class='ocrx_word' id='word_1_50' title='bbox 115 1195 210 1256; x_wconf 86' lang='lat' dir='ltr'><strong>Tertia</strong></span> <span class='ocrx_word' id='word_1_51' title='bbox 225 1196 308 1255; x_wconf 89' lang='lat' dir='ltr'><strong>lux...</strong></span> <span class='ocrx_word' id='word_1_52' title='bbox 324 1195 474 1255; x_wconf 86' lang='lat' dir='ltr'><strong>memini...</strong></span> <span class='ocrx_word' id='word_1_53' title='bbox 492 1196 571 1256; x_wconf 88' lang='lat' dir='ltr'><strong>ludis</strong></span> <span class='ocrx_word' id='word_1_54' title='bbox 588 1204 666 1270; x_wconf 89' lang='lat' dir='ltr'><strong>erat,</strong></span> <span class='ocrx_word' id='word_1_55' title='bbox 683 1213 720 1257; x_wconf 93' lang='lat' dir='ltr'><strong>ac</strong></span> <span class='ocrx_word' id='word_1_56' title='bbox 735 1196 806 1256; x_wconf 89' lang='lat' dir='ltr'><strong>mihi</strong></span> <span class='ocrx_word' id='word_1_57' title='bbox 823 1195 945 1270; x_wconf 86' lang='lat' dir='ltr'><strong>quidam</strong></span> 
     </span>
     <span class='ocr_line' id='line_1_11' title="bbox 156 1279 754 1355; baseline 0.005 -17"><span class='ocrx_word' id='word_1_58' title='bbox 156 1279 311 1354; x_wconf 74' lang='lat' dir='ltr'><strong>Spectanti</strong></span> <span class='ocrx_word' id='word_1_59' title='bbox 327 1279 432 1340; x_wconf 86' lang='lat' dir='ltr'><strong>senior</strong></span> <span class='ocrx_word' id='word_1_60' title='bbox 446 1279 670 1355; x_wconf 89' lang='lat' dir='ltr'><strong>continuusque</strong></span> <span class='ocrx_word' id='word_1_61' title='bbox 685 1282 754 1342; x_wconf 89' lang='lat' dir='ltr'><strong>loco</strong></span> 
     </span>
     <span class='ocr_line' id='line_1_12' title="bbox 116 1363 925 1440; baseline 0.005 -18"><span class='ocrx_word' id='word_1_62' title='bbox 116 1363 222 1422; x_wconf 76' lang='lat' dir='ltr'><strong>‘llaec’</strong></span> <span class='ocrx_word' id='word_1_63' title='bbox 238 1363 280 1422; x_wconf 92' lang='lat' dir='ltr'><strong>ait</strong></span> <span class='ocrx_word' id='word_1_64' title='bbox 293 1364 357 1424; x_wconf 73' lang='lat' dir='ltr'><strong>‘illa</strong></span> <span class='ocrx_word' id='word_1_65' title='bbox 372 1363 454 1436; x_wconf 89' lang='lat' dir='ltr'><strong>dies,</strong></span> <span class='ocrx_word' id='word_1_66' title='bbox 470 1363 595 1440; x_wconf 74' lang='lat' dir='ltr'><strong>Libycis</strong></span> <span class='ocrx_word' id='word_1_67' title='bbox 611 1381 672 1440; x_wconf 92' lang='lat' dir='ltr'><strong>qua</strong></span> <span class='ocrx_word' id='word_1_68' title='bbox 688 1365 802 1426; x_wconf 82' lang='lat' dir='ltr'><strong>Caesar</strong></span> <span class='ocrx_word' id='word_1_69' title='bbox 816 1365 845 1423; x_wconf 94' lang='lat' dir='ltr'><strong>in</strong></span> <span class='ocrx_word' id='word_1_70' title='bbox 862 1364 925 1426; x_wconf 90' lang='lat' dir='ltr'><strong>oris</strong></span> 
     </span>
     <span class='ocr_line' id='line_1_13' title="bbox 62 1446 845 1523; baseline -0.008 -12"><span class='ocrx_word' id='word_1_71' title='bbox 62 1457 107 1511; x_wconf 83' lang='grc'><strong>333</strong></span> <span class='ocrx_word' id='word_1_72' title='bbox 157 1446 278 1507; x_wconf 89' lang='lat' dir='ltr'><strong>Pcrllda</strong></span> <span class='ocrx_word' id='word_1_73' title='bbox 291 1446 475 1523; x_wconf 76' lang='lat' dir='ltr'><strong>magnanimi</strong></span> <span class='ocrx_word' id='word_1_74' title='bbox 490 1448 627 1509; x_wconf 91' lang='lat' dir='ltr'><strong>contudit</strong></span> <span class='ocrx_word' id='word_1_75' title='bbox 642 1465 726 1508; x_wconf 88' lang='lat' dir='ltr'><strong>arma</strong></span> <span class='ocrx_word' id='word_1_76' title='bbox 742 1447 845 1507; x_wconf 90' lang='lat' dir='ltr'><strong>lubae.</strong></span> 
     </span>
     <span class='ocr_line' id='line_1_14' title="bbox 119 1530 966 1608; baseline 0 -16"><span class='ocrx_word' id='word_1_77' title='bbox 119 1533 183 1592; x_wconf 89' lang='lat' dir='ltr'><strong>Dux</strong></span> <span class='ocrx_word' id='word_1_78' title='bbox 200 1530 272 1591; x_wconf 90' lang='lat' dir='ltr'><strong>mihi</strong></span> <span class='ocrx_word' id='word_1_79' title='bbox 288 1531 401 1592; x_wconf 82' lang='lat' dir='ltr'><strong>Caesar</strong></span> <span class='ocrx_word' id='word_1_80' title='bbox 416 1538 494 1608; x_wconf 87' lang='lat' dir='ltr'><strong>erat,</strong></span> <span class='ocrx_word' id='word_1_81' title='bbox 510 1532 567 1593; x_wconf 91' lang='lat' dir='ltr'><strong>sub</strong></span> <span class='ocrx_word' id='word_1_82' title='bbox 584 1546 645 1607; x_wconf 92' lang='lat' dir='ltr'><strong>quo</strong></span> <span class='ocrx_word' id='word_1_83' title='bbox 661 1531 812 1592; x_wconf 91' lang='lat' dir='ltr'><strong>meruisse</strong></span> <span class='ocrx_word' id='word_1_84' title='bbox 827 1531 966 1592; x_wconf 86' lang='lat' dir='ltr'><strong>tribunus</strong></span> 
     </span>
     <span class='ocr_line' id='line_1_15' title="bbox 159 1615 727 1691; baseline -0.004 -15"><span class='ocrx_word' id='word_1_85' title='bbox 159 1615 288 1677; x_wconf 84' lang='lat' dir='ltr'><strong>Glorior.</strong></span> <span class='ocrx_word' id='word_1_86' title='bbox 319 1615 421 1676; x_wconf 91' lang='lat' dir='ltr'><strong>oliicio</strong></span> <span class='ocrx_word' id='word_1_87' title='bbox 437 1616 569 1691; x_wconf 72' lang='lat' dir='ltr'><strong>praefuit</strong></span> <span class='ocrx_word' id='word_1_88' title='bbox 583 1616 632 1676; x_wconf 92' lang='lat' dir='ltr'><strong>ille</strong></span> <span class='ocrx_word' id='word_1_89' title='bbox 647 1631 727 1676; x_wconf 89' lang='lat' dir='ltr'><strong>meo.</strong></span> 
     </span>
     <span class='ocr_line' id='line_1_16' title="bbox 119 1699 811 1776; baseline -0.006 -14"><span class='ocrx_word' id='word_1_90' title='bbox 119 1702 202 1762; x_wconf 89' lang='lat' dir='ltr'><strong>Hanc</strong></span> <span class='ocrx_word' id='word_1_91' title='bbox 217 1716 275 1776; x_wconf 84' lang='lat' dir='ltr'><strong>ego</strong></span> <span class='ocrx_word' id='word_1_92' title='bbox 290 1699 395 1760; x_wconf 88' lang='lat' dir='ltr'><strong>militia</strong></span> <span class='ocrx_word' id='word_1_93' title='bbox 411 1700 532 1776; x_wconf 89' lang='lat' dir='ltr'><strong>sedem,</strong></span> <span class='ocrx_word' id='word_1_94' title='bbox 547 1706 578 1761; x_wconf 90' lang='lat' dir='ltr'><strong>tu</strong></span> <span class='ocrx_word' id='word_1_95' title='bbox 594 1716 672 1776; x_wconf 90' lang='lat' dir='ltr'><strong>pace</strong></span> <span class='ocrx_word' id='word_1_96' title='bbox 688 1700 811 1776; x_wconf 88' lang='lat' dir='ltr'><strong>parasti,</strong></span> 
     </span>
     <span class='ocr_line' id='line_1_17' title="bbox 155 1785 777 1861; baseline 0 -15"><span class='ocrx_word' id='word_1_97' title='bbox 155 1786 236 1846; x_wconf 88' lang='lat' dir='ltr'><strong>Inter</strong></span> <span class='ocrx_word' id='word_1_98' title='bbox 250 1785 298 1846; x_wconf 91' lang='lat' dir='ltr'><strong>bis</strong></span> <span class='ocrx_word' id='word_1_99' title='bbox 314 1786 424 1861; x_wconf 92' lang='lat' dir='ltr'><strong>quinos</strong></span> <span class='ocrx_word' id='word_1_100' title='bbox 439 1803 515 1848; x_wconf 91' lang='lat' dir='ltr'><strong>usus</strong></span> <span class='ocrx_word' id='word_1_101' title='bbox 530 1785 647 1848; x_wconf 89' lang='lat' dir='ltr'><strong>honore</strong></span> <span class='ocrx_word' id='word_1_102' title='bbox 661 1786 777 1848; x_wconf 64' lang='lat' dir='ltr'><strong>Viros?</strong></span> 
     </span>
     <span class='ocr_line' id='line_1_18' title="bbox 63 1869 779 1934; baseline -0.003 -2"><span class='ocrx_word' id='word_1_103' title='bbox 63 1869 208 1932; x_wconf 70' lang='lat' dir='ltr'><strong>stertunt</strong></span> <span class='ocrx_word' id='word_1_104' title='bbox 222 1871 351 1933; x_wconf 90' lang='lat' dir='ltr'><strong>locuturi</strong></span> <span class='ocrx_word' id='word_1_105' title='bbox 367 1871 468 1932; x_wconf 91' lang='lat' dir='ltr'><strong>subito</strong></span> <span class='ocrx_word' id='word_1_106' title='bbox 484 1872 659 1934; x_wconf 77' lang='lat' dir='ltr'><strong>seducimur</strong></span> <span class='ocrx_word' id='word_1_107' title='bbox 673 1871 779 1932; x_wconf 88' lang='lat' dir='ltr'><strong>imbre.</strong></span> 
     </span>
     <span class='ocr_line' id='line_1_19' title="bbox 156 1954 834 2032; baseline 0 -19"><span class='ocrx_word' id='word_1_108' title='bbox 156 1954 292 2015; x_wconf 86' lang='lat' dir='ltr'><strong>Pendula</strong></span> <span class='ocrx_word' id='word_1_109' title='bbox 308 1955 450 2016; x_wconf 88' lang='lat' dir='ltr'><strong>caelestis</strong></span> <span class='ocrx_word' id='word_1_110' title='bbox 464 1955 556 2018; x_wconf 86' lang='lat' dir='ltr'><strong>Libra</strong></span> <span class='ocrx_word' id='word_1_111' title='bbox 570 1955 713 2017; x_wconf 90' lang='lat' dir='ltr'><strong>movebat</strong></span> <span class='ocrx_word' id='word_1_112' title='bbox 727 1971 834 2032; x_wconf 86' lang='lat' dir='ltr'><strong>aquas.</strong></span> 
     </span>
     <span class='ocr_line' id='line_1_20' title="bbox 116 2035 952 2115; baseline 0.002 -17"><span class='ocrx_word' id='word_1_113' title='bbox 116 2040 192 2098; x_wconf 83' lang='lat' dir='ltr'><strong>Ante</strong></span> <span class='ocrx_word' id='word_1_114' title='bbox 207 2046 323 2114; x_wconf 91' lang='lat' dir='ltr'><strong>tamen,</strong></span> <span class='ocrx_word' id='word_1_115' title='bbox 339 2056 430 2115; x_wconf 90' lang='lat' dir='ltr'><strong>quam</strong></span> <span class='ocrx_word' id='word_1_116' title='bbox 446 2056 564 2101; x_wconf 89' lang='lat' dir='ltr'><strong>summa</strong></span> <span class='ocrx_word' id='word_1_117' title='bbox 580 2040 646 2101; x_wconf 89' lang='lat' dir='ltr'><strong>dies</strong></span> <span class='ocrx_word' id='word_1_118' title='bbox 663 2040 840 2115; x_wconf 87' lang='lat' dir='ltr'><strong>spectacula</strong></span> <span class='ocrx_word' id='word_1_119' title='bbox 855 2035 952 2113; x_wconf 87' lang='lat' dir='ltr'><strong>sistat,</strong></span> 
     </span>
     <span class='ocr_line' id='line_1_21' title="bbox 159 2123 764 2200; baseline 0.007 -19"><span class='ocrx_word' id='word_1_120' title='bbox 159 2123 290 2199; x_wconf 81' lang='lat' dir='ltr'><strong>Ensiger</strong></span> <span class='ocrx_word' id='word_1_121' title='bbox 304 2123 396 2186; x_wconf 90' lang='lat' dir='ltr'><strong>Orion</strong></span> <span class='ocrx_word' id='word_1_122' title='bbox 411 2139 548 2200; x_wconf 89' lang='lat' dir='ltr'><strong>aequore</strong></span> <span class='ocrx_word' id='word_1_123' title='bbox 563 2140 683 2186; x_wconf 90' lang='lat' dir='ltr'><strong>mersus</strong></span> <span class='ocrx_word' id='word_1_124' title='bbox 699 2124 764 2185; x_wconf 90' lang='lat' dir='ltr'><strong>erit.</strong></span> 
     </span>
    </p>
   </div>
   <div class='ocr_carea' id='block_1_7' title="bbox 352 2259 729 2323">
    <p class='ocr_par' dir='ltr' id='par_1_7' title="bbox 352 2259 729 2323">
     <span class='ocr_line' id='line_1_22' title="bbox 352 2259 729 2323; baseline -0.003 -2"><span class='ocrx_word' id='word_1_125' title='bbox 352 2259 401 2323; x_wconf 89' lang='grc'><strong>10.</strong></span> <span class='ocrx_word' id='word_1_126' title='bbox 429 2261 488 2322; x_wconf 87' lang='lat' dir='ltr'><strong>DN</strong></span> <span class='ocrx_word' id='word_1_127' title='bbox 506 2277 729 2322; x_wconf 72' lang='grc'>33333333</span> 
     </span>
    </p>
   </div>
   <div class='ocr_carea' id='block_1_8' title="bbox 63 2383 921 2713">
    <p class='ocr_par' dir='ltr' id='par_1_8' title="bbox 63 2383 921 2543">
     <span class='ocr_line' id='line_1_23' title="bbox 118 2383 921 2458; baseline 0.001 -15"><span class='ocrx_word' id='word_1_128' title='bbox 118 2384 257 2446; x_wconf 87' lang='lat' dir='ltr'><strong>Proxima</strong></span> <span class='ocrx_word' id='word_1_129' title='bbox 270 2384 425 2446; x_wconf 88' lang='lat' dir='ltr'><strong>victricem</strong></span> <span class='ocrx_word' id='word_1_130' title='bbox 441 2399 508 2445; x_wconf 93' lang='lat' dir='ltr'><strong>eum</strong></span> <span class='ocrx_word' id='word_1_131' title='bbox 523 2385 652 2445; x_wconf 92' lang='lat' dir='ltr'><strong>Romam</strong></span> <span class='ocrx_word' id='word_1_132' title='bbox 668 2383 837 2458; x_wconf 76' lang='lat' dir='ltr'><strong>inspexerit</strong></span> <span class='ocrx_word' id='word_1_133' title='bbox 849 2384 921 2458; x_wconf 83' lang='lat' dir='ltr'><strong>Eos,</strong></span> 
     </span>
     <span class='ocr_line' id='line_1_24' title="bbox 63 2467 815 2543; baseline 0 -17"><span class='ocrx_word' id='word_1_134' title='bbox 63 2473 107 2529; x_wconf 80' lang='grc'><strong>333</strong></span> <span class='ocrx_word' id='word_1_135' title='bbox 158 2469 196 2529; x_wconf 82' lang='lat' dir='ltr'><strong>Et</strong></span> <span class='ocrx_word' id='word_1_136' title='bbox 210 2468 329 2529; x_wconf 89' lang='lat' dir='ltr'><strong>dederit</strong></span> <span class='ocrx_word' id='word_1_137' title='bbox 342 2467 467 2529; x_wconf 87' lang='lat' dir='ltr'><strong>Phoebo</strong></span> <span class='ocrx_word' id='word_1_138' title='bbox 482 2468 571 2529; x_wconf 83' lang='lat' dir='ltr'><strong>stella</strong></span> <span class='ocrx_word' id='word_1_139' title='bbox 586 2470 689 2543; x_wconf 84' lang='lat' dir='ltr'><strong>iugata</strong></span> <span class='ocrx_word' id='word_1_140' title='bbox 704 2467 815 2542; x_wconf 82' lang='lat' dir='ltr'><strong>locum,</strong></span> 
     </span>
    </p>

    <p class='ocr_par' dir='ltr' id='par_1_9' title="bbox 120 2551 919 2713">
     <span class='ocr_line' id='line_1_25' title="bbox 120 2551 919 2630; baseline -0.004 -17"><span class='ocrx_word' id='word_1_141' title='bbox 120 2552 223 2613; x_wconf 84' lang='lat' dir='ltr'><strong>Circus</strong></span> <span class='ocrx_word' id='word_1_142' title='bbox 240 2552 296 2613; x_wconf 91' lang='lat' dir='ltr'><strong>erit</strong></span> <span class='ocrx_word' id='word_1_143' title='bbox 311 2569 426 2630; x_wconf 86' lang='lat' dir='ltr'><strong>pompa</strong></span> <span class='ocrx_word' id='word_1_144' title='bbox 443 2552 565 2612; x_wconf 84' lang='lat' dir='ltr'><strong>celeber</strong></span> <span class='ocrx_word' id='word_1_145' title='bbox 578 2566 767 2625; x_wconf 87' lang='lat' dir='ltr'><strong>numeroque</strong></span> <span class='ocrx_word' id='word_1_146' title='bbox 782 2551 919 2624; x_wconf 80' lang='lat' dir='ltr'><strong>deorum,</strong></span> 
     </span>
     <span class='ocr_line' id='line_1_26' title="bbox 158 2635 834 2713; baseline -0.003 -19"><span class='ocrx_word' id='word_1_147' title='bbox 158 2635 319 2713; x_wconf 89' lang='lat' dir='ltr'><strong>Primaque</strong></span> <span class='ocrx_word' id='word_1_148' title='bbox 333 2637 471 2698; x_wconf 89' lang='lat' dir='ltr'><strong>ventosis</strong></span> <span class='ocrx_word' id='word_1_149' title='bbox 486 2637 587 2712; x_wconf 89' lang='lat' dir='ltr'><strong>palma</strong></span> <span class='ocrx_word' id='word_1_150' title='bbox 603 2641 722 2712; x_wconf 90' lang='lat' dir='ltr'><strong>petetur</strong></span> <span class='ocrx_word' id='word_1_151' title='bbox 737 2635 834 2710; x_wconf 90' lang='lat' dir='ltr'><strong>equis.</strong></span> 
     </span>
    </p>
   </div>
   <div class='ocr_carea' id='block_1_9' title="bbox 253 2770 827 2836">
    <p class='ocr_par' dir='ltr' id='par_1_10' title="bbox 253 2770 827 2836">
     <span class='ocr_line' id='line_1_27' title="bbox 253 2770 827 2836; baseline 0 -4"><span class='ocrx_word' id='word_1_152' title='bbox 253 2770 302 2832; x_wconf 91' lang='lat'><strong>11.</strong></span> <span class='ocrx_word' id='word_1_153' title='bbox 323 2771 381 2832; x_wconf 86' lang='lat' dir='ltr'><strong>EN</strong></span> <span class='ocrx_word' id='word_1_154' title='bbox 425 2771 475 2836; x_wconf 79' lang='lat'><strong>12.</strong></span> <span class='ocrx_word' id='word_1_155' title='bbox 496 2773 552 2835; x_wconf 86' lang='lat' dir='ltr'><strong>FN</strong></span> <span class='ocrx_word' id='word_1_156' title='bbox 570 2789 827 2836; x_wconf 75' lang='lat' dir='ltr'><strong>ever-currem</strong></span> 
     </span>
    </p>
   </div>
   <div class='ocr_carea' id='block_1_10' title="bbox 116 2888 909 3051">
    <p class='ocr_par' dir='ltr' id='par_1_11' title="bbox 116 2888 909 3051">
     <span class='ocr_line' id='line_1_28' title="bbox 116 2888 909 2968; baseline -0.003 -20"><span class='ocrx_word' id='word_1_157' title='bbox 116 2890 194 2950; x_wconf 90' lang='lat' dir='ltr'><strong>lline</strong></span> <span class='ocrx_word' id='word_1_158' title='bbox 210 2888 327 2950; x_wconf 84' lang='lat' dir='ltr'><strong>Cereris</strong></span> <span class='ocrx_word' id='word_1_159' title='bbox 342 2889 416 2950; x_wconf 90' lang='lat' dir='ltr'><strong>ludi.</strong></span> <span class='ocrx_word' id='word_1_160' title='bbox 446 2907 506 2952; x_wconf 92' lang='lat' dir='ltr'><strong>non</strong></span> <span class='ocrx_word' id='word_1_161' title='bbox 525 2899 572 2952; x_wconf 91' lang='lat' dir='ltr'><strong>est</strong></span> <span class='ocrx_word' id='word_1_162' title='bbox 588 2907 666 2968; x_wconf 92' lang='lat' dir='ltr'><strong>opus</strong></span> <span class='ocrx_word' id='word_1_163' title='bbox 682 2892 783 2951; x_wconf 89' lang='lat' dir='ltr'><strong>indice</strong></span> <span class='ocrx_word' id='word_1_164' title='bbox 799 2905 909 2951; x_wconf 67' lang='lat' dir='ltr'><strong>causat</strong></span> 
     </span>
     <span class='ocr_line' id='line_1_29' title="bbox 160 2972 884 3051; baseline -0.003 -18"><span class='ocrx_word' id='word_1_165' title='bbox 160 2972 276 3048; x_wconf 85' lang='lat' dir='ltr'><strong>Sponte</strong></span> <span class='ocrx_word' id='word_1_166' title='bbox 295 2973 373 3036; x_wconf 88' lang='lat' dir='ltr'><strong>deae</strong></span> <span class='ocrx_word' id='word_1_167' title='bbox 387 2991 500 3036; x_wconf 91' lang='lat' dir='ltr'><strong>munus</strong></span> <span class='ocrx_word' id='word_1_168' title='bbox 516 2975 776 3051; x_wconf 88' lang='lat' dir='ltr'><strong>promeritumque</strong></span> <span class='ocrx_word' id='word_1_169' title='bbox 793 2980 884 3050; x_wconf 90' lang='lat' dir='ltr'><strong>patet.</strong></span> 
     </span>
    </p>
   </div>
   <div class='ocr_carea' id='block_1_11' title="bbox 60 3056 1053 3554">
    <p class='ocr_par' dir='ltr' id='par_1_12' title="bbox 60 3056 1053 3554">
     <span class='ocr_line' id='line_1_30' title="bbox 61 3056 896 3133; baseline -0.001 -16"><span class='ocrx_word' id='word_1_170' title='bbox 61 3065 105 3120; x_wconf 80' lang='grc'><strong>393</strong></span> <span class='ocrx_word' id='word_1_171' title='bbox 118 3056 232 3116; x_wconf 79' lang='lat' dir='ltr'><strong>Messio</strong></span> <span class='ocrx_word' id='word_1_172' title='bbox 249 3063 313 3116; x_wconf 91' lang='lat' dir='ltr'><strong>erat</strong></span> <span class='ocrx_word' id='word_1_173' title='bbox 326 3057 433 3133; x_wconf 89' lang='lat' dir='ltr'><strong>primis</strong></span> <span class='ocrx_word' id='word_1_174' title='bbox 448 3059 564 3119; x_wconf 88' lang='lat' dir='ltr'><strong>virides</strong></span> <span class='ocrx_word' id='word_1_175' title='bbox 579 3059 758 3121; x_wconf 88' lang='lat' dir='ltr'><strong>mortalibus</strong></span> <span class='ocrx_word' id='word_1_176' title='bbox 773 3058 896 3131; x_wconf 85' lang='lat' dir='ltr'><strong>herbae,</strong></span> 
     </span>
     <span class='ocr_line' id='line_1_31' title="bbox 157 3140 757 3214; baseline 0.003 -16"><span class='ocrx_word' id='word_1_177' title='bbox 157 3140 239 3214; x_wconf 79' lang='lat' dir='ltr'><strong>Quas</strong></span> <span class='ocrx_word' id='word_1_178' title='bbox 255 3141 345 3202; x_wconf 92' lang='lat' dir='ltr'><strong>tellus</strong></span> <span class='ocrx_word' id='word_1_179' title='bbox 360 3143 442 3202; x_wconf 90' lang='lat' dir='ltr'><strong>nullo</strong></span> <span class='ocrx_word' id='word_1_180' title='bbox 458 3143 640 3203; x_wconf 87' lang='lat' dir='ltr'><strong>sollicitante</strong></span> <span class='ocrx_word' id='word_1_181' title='bbox 656 3141 757 3203; x_wconf 91' lang='lat' dir='ltr'><strong>dabat.</strong></span> 
     </span>
     <span class='ocr_line' id='line_1_32' title="bbox 115 3222 940 3301; baseline 0.001 -17"><span class='ocrx_word' id='word_1_182' title='bbox 115 3225 152 3284; x_wconf 84' lang='lat' dir='ltr'><strong>Et</strong></span> <span class='ocrx_word' id='word_1_183' title='bbox 166 3222 260 3286; x_wconf 91' lang='lat' dir='ltr'><strong>modo</strong></span> <span class='ocrx_word' id='word_1_184' title='bbox 281 3225 449 3300; x_wconf 88' lang='lat' dir='ltr'><strong>carpebant</strong></span> <span class='ocrx_word' id='word_1_185' title='bbox 462 3226 563 3286; x_wconf 90' lang='lat' dir='ltr'><strong>vivaci</strong></span> <span class='ocrx_word' id='word_1_186' title='bbox 579 3227 694 3301; x_wconf 89' lang='lat' dir='ltr'><strong>cespite</strong></span> <span class='ocrx_word' id='word_1_187' title='bbox 709 3241 844 3300; x_wconf 81' lang='lat' dir='ltr'><strong>gramen,</strong></span> <span class='ocrx_word' id='word_1_188' title='bbox 938 3297 940 3300; x_wconf 17' lang='lat'>¹</span> 
     </span>
     <span class='ocr_line' id='line_1_33' title="bbox 155 3305 885 3385; baseline 0 -17"><span class='ocrx_word' id='word_1_189' title='bbox 155 3307 243 3368; x_wconf 92' lang='lat' dir='ltr'><strong>Nunc</strong></span> <span class='ocrx_word' id='word_1_190' title='bbox 258 3309 368 3385; x_wconf 90' lang='lat' dir='ltr'><strong>epulae</strong></span> <span class='ocrx_word' id='word_1_191' title='bbox 382 3305 486 3371; x_wconf 87' lang='lat' dir='ltr'><strong>tenera</strong></span> <span class='ocrx_word' id='word_1_192' title='bbox 501 3305 611 3370; x_wconf 80' lang='lat' dir='ltr'><strong>fronde</strong></span> <span class='ocrx_word' id='word_1_193' title='bbox 627 3325 774 3370; x_wconf 87' lang='lat' dir='ltr'><strong>cacumen</strong></span> <span class='ocrx_word' id='word_1_194' title='bbox 790 3315 885 3369; x_wconf 87' lang='lat' dir='ltr'><strong>erant</strong></span> 
     </span>
     <span class='ocr_line' id='line_1_34' title="bbox 115 3389 1053 3468; baseline -0.003 -17"><span class='ocrx_word' id='word_1_195' title='bbox 115 3392 284 3453; x_wconf 83' lang='lat' dir='ltr'><strong>Postmodo</strong></span> <span class='ocrx_word' id='word_1_196' title='bbox 300 3394 388 3468; x_wconf 79' lang='lat' dir='ltr'><strong>glans</strong></span> <span class='ocrx_word' id='word_1_197' title='bbox 399 3400 470 3454; x_wconf 93' lang='lat' dir='ltr'><strong>nata</strong></span> <span class='ocrx_word' id='word_1_198' title='bbox 480 3400 537 3454; x_wconf 86' lang='lat' dir='ltr'><strong>est.</strong></span> <span class='ocrx_word' id='word_1_199' title='bbox 555 3392 635 3453; x_wconf 88' lang='lat' dir='ltr'><strong>bene</strong></span> <span class='ocrx_word' id='word_1_200' title='bbox 650 3400 716 3452; x_wconf 92' lang='lat' dir='ltr'><strong>erat</strong></span> <span class='ocrx_word' id='word_1_201' title='bbox 727 3393 786 3452; x_wconf 88' lang='lat' dir='ltr'><strong>iam</strong></span> <span class='ocrx_word' id='word_1_202' title='bbox 798 3389 911 3467; x_wconf 85' lang='lat' dir='ltr'><strong>glande</strong></span> <span class='ocrx_word' id='word_1_203' title='bbox 920 3397 1053 3465; x_wconf 83' lang='lat' dir='ltr'><strong>reperta,</strong></span> 
     </span>
     <span class='ocr_line' id='line_1_35' title="bbox 60 3475 901 3554; baseline -0.001 -20"><span class='ocrx_word' id='word_1_204' title='bbox 60 3481 103 3534; x_wconf 78' lang='lat' dir='ltr'><strong>too</strong></span> <span class='ocrx_word' id='word_1_205' title='bbox 156 3475 303 3552; x_wconf 84' lang='lat' dir='ltr'><strong>Duraque</strong></span> <span class='ocrx_word' id='word_1_206' title='bbox 321 3478 500 3554; x_wconf 85' lang='lat' dir='ltr'><strong>magnificas</strong></span> <span class='ocrx_word' id='word_1_207' title='bbox 518 3491 649 3552; x_wconf 90' lang='lat' dir='ltr'><strong>quercus</strong></span> <span class='ocrx_word' id='word_1_208' title='bbox 664 3476 797 3536; x_wconf 84' lang='lat' dir='ltr'><strong>habebat</strong></span> <span class='ocrx_word' id='word_1_209' title='bbox 812 3490 901 3550; x_wconf 86' lang='lat' dir='ltr'><strong>opes.</strong></span> 
     </span>
    </p>
   </div>
   <div class='ocr_carea' id='block_1_12' title="bbox 0 0 1250 3926">
    <p class='ocr_par' dir='ltr' id='par_1_13' title="bbox 0 0 1250 3926">
     <span class='ocr_line' id='line_1_36' title="bbox 0 0 1250 3926; baseline 0 2"><span class='ocrx_word' id='word_1_210' title='bbox 0 0 1250 3926; x_wconf 95' lang='lat' dir='ltr'><strong> </strong></span> 
     </span>
    </p>
   </div>
  </div>
 </body>
</html>
