2492 3926
430 183 473 253 V,
497 178 674 242 saa-612.
1001 182 1060 246 311

133 339 194 398 Nee
209 335 285 398 satis
302 325 350 394 es't
364 333 513 394 meruisse
529 335 623 394 semel
639 334 822 410 cognomina
833 332 937 396 Marti:

72 431 124 486 080
177 419 376 496 Persequitur
388 417 489 479 Parthi
505 417 593 492 signa
612 424 728 479 retenta
742 433 842 478 mauu.

134 507 215 567 Gens
231 505 286 565 luit
300 509 331 564 et
345 502 463 577 eampis
479 507 509 562 et
523 501 611 576 equis
627 508 657 563 et
670 508 734 564 tuta
749 501 876 578 sagittis,

173 591 211 650 Et
225 586 420 651 eireunrlusis
436 586 519 646 invia
533 584 717 647 fluminibus.

131 674 324 734 Addiderunt
338 671 457 731 animos
474 670 655 732 Crassorum
670 671 777 731 lunera
792 669 883 745 genti,

175 759 249 820 Cum
263 755 354 832 periit
367 753 455 814 miles
471 754 622 830 signaque
637 754 762 831 duxque
777 754 877 816 simul.

73 850 121 906 stt
136 840 243 916 Signa,
262 840 359 901 decus
375 838 460 914 belli,
478 835 607 900 Parthus
621 838 760 900 Romana
775 838 905 911 tenebat,

173 926 395 999 Romanaeque
411 922 532 997 aquilae
547 921 675 997 signiter
688 922 788 984 hostis
805 930 883 982 erat!

132 1011 231 1084 isque,
237 1007 339 1085 pudor
353 1006 518 1068 mansisset
536 1006 651 1082 adhue,
669 1007 728 1068 nisi
743 1007 870 1068 fortibus
887 1005 978 1066 armis

94 1119 97 1127 ·
175 1091 316 1154 Caesaris
331 1091 490 1153 Ausoniae
504 1097 737 1165 protegerentur
753 1107 840 1167 opes.
950 1123 958 1132 -

132 1177 184 1236 lile
199 1182 288 1237 notas
305 1183 423 1236 veteres
440 1181 469 1235 et
488 1174 570 1250 longi
586 1175 722 1237 dedecus
736 1175 804 1237 aevi

73 1268 123 1322 090
178 1259 315 1322 Sustulit.
345 1266 496 1335 agnorunt
510 1260 598 1334 signa
612 1267 737 1336 recepta
754 1275 839 1322 suos.

135 1345 211 1420 Quid
226 1344 279 1406 tibi
293 1359 374 1405 nune
394 1343 504 1404 solitae
518 1343 593 1404 mitti
607 1352 680 1419 post
695 1353 779 1420 terga
794 1343 931 1420 sagittae,

174 1429 251 1502 Quid
267 1428 350 1503 loca,
367 1427 440 1503 quid
454 1428 554 1504 rapidi
571 1429 684 1505 proluit
697 1446 773 1490 usus
789 1429 881 1505 equit

132 1513 253 1586 Partlre,
269 1512 366 1574 relers
386 1515 516 1589 aquilas.
546 1513 645 1575 victos
668 1529 792 1589 quoque
812 1511 942 1588 porrigis
964 1526 1069 1572 arcus„

173 1597 305 1672 Pignora
320 1597 380 1658 iam
395 1599 491 1660 nostri
510 1598 593 1660 nulla
606 1597 734 1673 pudoris
754 1596 860 1657 habes.

73 1689 121 1744 595
135 1682 201 1742 Rite
216 1682 276 1742 deo
291 1684 497 1758 templumque
514 1682 617 1744 datum
632 1697 806 1758 nomenque
821 1681 870 1742 bis
885 1681 958 1755 ulto,

173 1766 212 1826 Et
227 1766 350 1828 meritus
372 1767 433 1825 voti
451 1765 553 1826 debita
571 1765 664 1827 solvit
677 1767 787 1830 honor.

134 1849 303 1912 Sollemnes
319 1849 409 1910 ludos
426 1849 511 1913 Circo
527 1849 695 1927 celebrate,
714 1850 858 1926 Quirites!

175 1935 241 1994 Non
255 1934 324 1994 visa
339 1941 387 1996 est
402 1934 510 1995 fortem
524 1949 638 1995 scaena
654 1934 765 1996 decere
780 1935 882 1995 deum.

420 2067 469 2130 13.
499 2069 692 2130 aium-rt

132 2185 252 2246 Pliadas
268 2186 402 2262 aspicies
418 2202 525 2247 ornnes
541 2193 700 2263 totumque
715 2201 855 2248 sororum

75 2277 123 2332 000
176 2269 310 2345 agmen,
326 2270 379 2332 ubi
397 2277 466 2331 ante
481 2271 555 2332 ldus
571 2287 634 2332 nox
649 2271 705 2330 erit
718 2287 779 2330 una
793 2287 897 2348 super.

131 2355 204 2414 Tum
219 2353 291 2414 mihi
306 2369 367 2416 nou
383 2354 483 2416 dubiis
501 2354 676 2417 auctoribus
692 2355 797 2428 incipit
811 2364 922 2430 aestas,

170 2437 209 2498 Et
225 2437 320 2515 tepidi
334 2439 424 2500 linem
440 2445 578 2516 tempora
597 2440 679 2500 veris
695 2437 816 2498 habeut.

496 2573 545 2636 tl.
568 2574 622 2636 FC

131 2691 237 2753 Idibus
256 2707 311 2752 ora
325 2691 410 2766 prior
425 2691 577 2754 stellantia
592 2692 699 2752 tollere
713 2692 844 2751 Taurum

173 2777 299 2836 Iudicat.
329 2776 401 2836 lruio
416 2776 504 2852 signo
521 2776 623 2836 tabula
639 2782 712 2836 nota
728 2773 844 2836 subest.

75 2867 120 2922 tta
133 2859 289 2932 Praebuit,
310 2867 344 2920 ut
360 2867 482 2936 tauruS,
496 2859 607 2938 Tyriae
622 2875 679 2920 sua
698 2865 783 2935 terga
798 2857 920 2935 puellae

131 2961 137 2976 ¹
175 2944 326 3020 Iuppiter,
343 2952 373 3004 et
392 2943 471 3006 falsa
486 2959 601 3004 cornua
617 2941 716 3006 lroate
732 2943 805 3004 tulit.

132 3029 187 3088 llla
201 3027 302 3088 iubam
318 3027 441 3104 dextra,
456 3031 545 3089 laeva
558 3028 706 3089 retinebat
721 3028 858 3108 amictus,

173 3113 212 3174 Et
226 3112 317 3173 timor
331 3112 401 3189 ipse
415 3114 487 3174 novi
503 3127 598 3173 eausa
612 3112 733 3173 decoris
750 3119 823 3173 erat.

133 3197 216 3258 Aura
231 3197 318 3258 sinus
334 3197 448 3273 implet.
478 3195 578 3259 flavos
595 3203 699 3257 movet
713 3212 788 3258 aura
802 3195 941 3273 capillos.

24 3281 25 3284 ’
74 3285 121 3341 010
175 3279 297 3355 Sidoni,
316 3281 362 3342 sie
378 3282 481 3343 fueras
496 3280 677 3358 aspicienda
690 3281 766 3342 lovi.

136 3364 235 3442 Saepe
250 3368 407 3441 puellares
423 3363 569 3427 subduxit
587 3365 625 3424 ab
641 3379 778 3440 aequore
793 3364 926 3438 plantas,

175 3449 445 3512 transtuleramus
462 3449 626 3510 assilientis
643 3463 756 3524 aquae:
