2372 3928
353 254 411 328 lv,
435 254 471 329 9,
491 253 627 318 20--9o

121 405 284 467 Successor
300 405 374 468 cmii
392 405 485 466 irater
500 406 628 469 honoris
647 406 711 468 erit.

86 491 150 549 Nam
161 489 210 550 tibi
225 489 343 550 finitum
362 505 497 563 summo,
514 491 677 563 Graecina,
693 491 854 554 Decembri

51 585 75 638 ii
117 573 271 650 Imperium
286 572 349 632 lani
369 574 501 649 suscipit
518 575 569 635 iiic
588 575 648 634 die.

88 657 216 732 Quaeque
235 664 284 718 est
303 655 332 716 in
349 656 567 733 rabiemque,
588 660 705 719 alterna
719 659 822 720 ierctis

120 740 244 817 Gaudia,
259 747 291 801 tu
306 740 409 802 fratris
425 741 577 813 fascibus,
593 743 644 803 iile
658 742 728 803 tuis.

88 824 128 885 Sic
141 831 170 884 tu
185 824 231 886 bis
248 824 343 886 tueris
363 825 489 900 consui,
507 825 558 888 bis
574 827 727 887 consulet
745 826 803 900 iiic,

119 909 207 984 Inque
222 909 315 969 domo
333 908 432 970 bimus
452 910 658 986 conspicietur
670 909 780 972 honor.

50 990 131 1064 ttoni
147 1007 330 1067 quamquam
344 1000 393 1054 est
408 993 526 1068 ingens,
541 1000 571 1053 et
588 994 702 1054 nulium
717 994 823 1056 Mania
839 1011 956 1056 summo

118 1075 210 1136 Altius
224 1076 386 1151 imperium
400 1078 529 1138 consuta
544 1079 643 1138 Roma
659 1077 751 1152 videi,

86 1156 247 1234 Multiplicat
260 1167 361 1220 tamen
376 1160 457 1221 hunc
471 1161 606 1234 gravitas
621 1161 756 1222 auctoris
771 1161 928 1234 bonorem,

118 1242 151 1302 Et
163 1243 352 1304 maiestatem
366 1259 418 1305 res
433 1245 504 1304 dota
520 1244 620 1305 dantis
635 1243 736 1306 habet.

84 1324 190 1387 indiciis
205 1326 296 1402 igitur
310 1327 401 1387 liceat
413 1327 588 1403 Flaccoque
601 1329 717 1403 tibique

50 1410 74 1465 to
117 1410 233 1471 Talibus
247 1409 379 1486 Augusti
392 1419 512 1487 tempus
532 1413 562 1471 in
578 1428 667 1473 omne
683 1411 751 1472 irui.

83 1473 221 1554 bomon
240 1510 377 1556 ararum
396 1510 470 1555 cura
490 1497 635 1571 propiore
648 1495 778 1568 vacabit,

117 1578 192 1639 Vota
210 1593 323 1654 precor
336 1578 417 1639 votis
432 1579 535 1639 addite
548 1585 654 1641 vestra
673 1578 758 1638 meis.

82 1659 112 1720 lit
123 1661 147 1722 si
166 1677 256 1737 quem
271 1661 355 1722 dabit
373 1678 448 1723 aura
461 1663 577 1736 sinum,
592 1664 693 1723 laxate
707 1662 863 1738 rudentes,

114 1744 237 1806 Excute
256 1745 372 1823 Stygiis
387 1752 420 1806 ut
433 1761 502 1806 mea
515 1747 604 1807 navis
621 1746 720 1822 aquis.

47 1825 197 1890 toimcinit
211 1828 274 1903 his,
292 1828 455 1902 Graeoiue,
471 1829 548 1890 iocis
563 1830 655 1890 modo
669 1829 809 1890 Flaccus.
839 1836 871 1890 et
883 1829 935 1889 ilio

114 1912 187 1988 Ripa
202 1914 290 1974 tcrox
305 1913 398 1975 Histri
413 1913 471 1974 sub
487 1915 566 1974 duce
580 1921 644 1974 tuta
664 1912 728 1972 init.

81 1994 127 2054 Hie
138 1997 233 2058 tenuit
246 1997 354 2076 Mysas
370 2005 478 2072 gentes
495 1997 524 2057 in
540 2013 617 2073 pace
637 1996 735 2057 fideti:

115 2079 165 2140 Hic
179 2096 253 2141 arcu
267 2081 344 2142 fisos
359 2081 463 2142 terruit
482 2096 557 2142 ense
572 2081 675 2141 Getas.

79 2160 125 2222 Hic
137 2173 253 2240 raptam
266 2165 405 2225 Trosmin
422 2165 513 2225 celeri
530 2165 640 2225 virtute
658 2163 783 2238 recepit,

47 2249 71 2304 tc
114 2247 278 2324 iniecitque
293 2249 358 2309 iero
379 2249 529 2324 sanguiue
543 2248 723 2309 Danubium.

81 2327 184 2402 Quaere
200 2332 260 2393 toci
276 2332 385 2392 iacicm
400 2331 598 2410 Scythicique
612 2331 806 2391 incommoda
825 2331 911 2404 caeli,

63 2485 68 2494 ⁸
113 2414 148 2475 Et
162 2432 254 2492 quam
269 2415 370 2476 vicino
386 2423 502 2476 tomeun
515 2415 620 2487 hoste,
634 2429 725 2488 roga=

81 2494 174 2559 Sintnc
188 2500 260 2560 litae
278 2508 387 2561 tenues
403 2501 555 2576 serpentis
570 2499 640 2558 tette
654 2496 792 2571 sagittae,

111 2580 173 2642 Fiat
186 2600 225 2644 an
245 2583 411 2644 humanum
428 2583 550 2644 victima
569 2582 635 2642 dira
650 2587 756 2656 cuput=

44 2662 207 2740 nitentior,
224 2683 263 2727 au
278 2674 368 2728 cocat
383 2668 509 2728 duratus
525 2666 638 2741 trigone
655 2671 774 2740 pontus,

109 2748 144 2810 Et
156 2757 258 2812 teneat
276 2751 392 2826 glacies
406 2751 512 2826 iugera
526 2752 619 2811 muita
632 2749 709 2809 ireti.

76 2831 149 2893 Haec
164 2834 216 2895 ubi
231 2834 375 2906 narrarit,
392 2850 471 2909 quac
486 2835 526 2894 sit
542 2835 717 2898 mensurna,
732 2830 863 2906 require,

112 2916 237 2994 Quoque
255 2919 348 2978 modo
364 2933 509 2994 peragam
524 2924 663 2992 tempora
677 2916 768 2985 dura,
784 2930 869 2989 roga.

74 2997 129 3060 Nec
144 3017 252 3063 sumne
267 3001 317 3062 bic
337 3001 426 3072 odio,
443 3017 501 3062 noc
515 3001 633 3062 scilicet
646 3015 717 3060 esse
733 3013 890 3072 meremur,

41 3083 65 3139 it
110 3083 171 3145 Nec
186 3101 254 3146 cum
268 3086 392 3147 fortuna
405 3100 492 3146 mens
508 3100 633 3161 quoquc
647 3099 738 3143 uersa
751 3097 820 3142 mea
834 3097 890 3141 cst.

72 3164 120 3227 ltia
134 3170 224 3244 quies
239 3169 356 3240 animo,
377 3185 468 3244 quam
483 3176 516 3230 tu
531 3169 657 3229 taudarc
673 3165 807 3240 solebas,

109 3252 162 3312 ilie
177 3261 265 3314 vetus
280 3255 372 3314 soiito
389 3260 505 3328 perstat
524 3253 553 3313 in
569 3269 623 3314 ore
638 3250 748 3328 pudor.

71 3331 117 3394 Sic
131 3352 192 3411 cgo
206 3354 273 3398 sum
292 3337 426 3414 pridem,
442 3337 488 3398 sic
502 3337 566 3408 hic,
581 3336 632 3396 ubi
647 3335 796 3396 inurbanus
810 3331 919 3407 hostis,
1006 3342 1008 3345 ·

105 3418 145 3480 Ut
159 3421 223 3481 iera
239 3423 309 3497 pius
325 3423 446 3482 vaieant
459 3420 577 3496 legibus
597 3437 695 3490 amna,
716 3417 796 3489 iacit,

33 3499 138 3562 tunam
156 3513 249 3578 queat
262 3516 296 3567 ut
310 3506 422 3565 nuliam
437 3511 483 3565 tot
498 3505 573 3576 iam,
594 3504 756 3573 Graecina,
773 3514 828 3576 per
840 3515 940 3560 annos

104 3587 231 3650 Femina
246 3590 285 3650 dc
299 3589 389 3650 nobis
403 3588 490 3649 virve
505 3604 620 3664 puerve
638 3587 735 3662 queri.
