2450 3932
417 230 447 304 Ι,
472 232 505 306 1,
527 229 685 296 28-103.

134 384 200 446 Non
214 388 319 460 putet,
335 397 353 440 e
367 381 483 457 gremio
497 382 665 459 reiciatque
679 403 747 463 suo,

98 468 240 545 ‘Inspice’
256 466 306 526 dic
321 466 461 526 ‘titulum
498 482 560 527 non
577 484 644 529 sum
659 477 843 546 praeceptor
856 474 981 536 amoris.

136 553 215 628 Quas
230 549 357 626 meruit,
372 564 491 626 poenas
504 550 564 609 iam
579 552 664 612 dedit
675 554 752 615 iliud
766 560 869 632 opus.’

94 638 228 699 Forsitan
244 639 409 709 expectes,
424 649 465 693 an
479 633 510 693 in
524 634 586 694 alta
599 636 713 710 palatia
727 640 855 700 missurn

57 731 84 786 io
134 720 290 781 Scandere
304 724 335 778 te
349 715 471 778 iubeam
486 717 731 796 caesareamque
746 723 890 785 demumr

98 807 258 881 ignoscant
273 808 409 877 augusta
422 801 496 861 mihi
510 802 581 862 loca
595 803 690 879 dique
705 805 851 867 locorum.
907 862 910 868 .
993 839 995 846 ⁴

133 887 225 949 Venit
237 888 270 946 in
284 884 346 946 hoc
361 886 414 946 ilia
428 886 543 946 fulmen
558 886 597 946 ab
613 902 683 948 arce
698 897 799 965 caput.

98 974 169 1034 Esse
183 971 309 1046 quidem
323 969 448 1030 memini
462 969 624 1030 mitissima
638 972 765 1035 sedibus
780 975 840 1035 iliis

18 1099 19 1102 ,
137 1054 273 1116 Numina.
310 1053 369 1114 sed
381 1054 475 1114 timeo
491 1054 544 1129 qui
558 1070 708 1132 nocuere,
724 1057 812 1120 deos.

62 1148 88 1203 it
99 1141 228 1201 Terretur
241 1138 368 1199 minimo
382 1153 505 1215 pennae
519 1139 652 1201 stridore
664 1142 816 1218 columba,

136 1222 309 1300 Unguibus,
325 1223 486 1298 accipiter,
502 1223 609 1283 saucia
623 1225 704 1285 iacta
716 1226 786 1287 tuis.

100 1309 154 1369 Nec
167 1307 274 1384 procul
289 1323 308 1366 a
323 1304 451 1368 stabulis
468 1308 562 1367 audet
576 1307 752 1385 discedere,
770 1311 859 1386 siqua

137 1393 274 1452 Excussa
289 1397 337 1451 est
351 1390 434 1451 avidi
449 1391 593 1453 dentibus
609 1409 689 1467 agna
702 1394 776 1469 lupi.

100 1477 205 1538 vitaret
219 1477 339 1537 caelum
352 1474 526 1551 Phaethon,
541 1476 568 1536 si
584 1477 716 1553 viveret,
731 1485 761 1537 et
776 1495 855 1554 quos

66 1567 92 1622 to
136 1561 256 1638 Opturat
270 1560 374 1636 stulte,
389 1565 515 1635 magere
528 1562 623 1621 nollet
637 1577 746 1637 equos.

103 1645 143 1705 Me
153 1661 287 1722 quoque,
304 1659 384 1719 quae
399 1645 499 1720 sensi,
514 1645 613 1707 fatcor
625 1645 708 1708 iovis
723 1662 808 1706 arma
822 1645 937 1707 timore.

136 1729 264 1790 Mereor
278 1729 389 1789 infesto
406 1743 475 1789 cum
490 1734 588 1803 tonat,
604 1730 674 1804 igne
689 1731 762 1805 peti.

105 1813 277 1890 Quicumque
291 1812 438 1889 Argolico
452 1812 491 1872 de
505 1814 608 1872 classe
624 1812 782 1888 capharea
796 1815 881 1890 fugit,

126 1897 259 1974 ¹Semper
272 1898 311 1957 ab
324 1896 469 1962 Euboicis
484 1896 555 1956 vela
568 1903 725 1974 retorquet
739 1898 839 1974 aquis.

69 1980 132 2042 etEt
143 1997 205 2043 mea
219 1981 346 2060 cymba,
362 1983 458 2042 semei
473 1988 563 2042 vasta
577 1997 728 2058 percussa
741 1983 886 2060 procella,

136 2066 227 2142 iilum,
245 2082 306 2144 quo
322 2068 408 2127 laesa
423 2071 485 2138 est,
501 2066 606 2126 horret
620 2066 706 2127 adire
720 2069 832 2128 iocum.

105 2148 169 2225 Ergo
184 2166 272 2226 cave,
287 2149 379 2224 liber,
395 2158 425 2212 et
438 2149 544 2210 timida
559 2151 759 2227 circumspice
774 2157 889 2212 mentes

137 2235 171 2296 Ut
183 2235 255 2297 satis
270 2251 290 2296 a
303 2235 406 2295 media
420 2233 459 2295 sit
472 2233 527 2294 tibi
541 2235 631 2311 plebe
645 2235 716 2311 legi.

104 2318 167 2394 bum
180 2320 253 2395 petit
267 2319 395 2380 infirmis
407 2318 533 2379 nimium
547 2318 690 2380 sublimia
700 2320 810 2396 pennis

66 2407 95 2462 90
135 2403 245 2480 Icarus,
260 2404 425 2481 aequoreis
440 2403 564 2465 nomina
577 2405 650 2465 fecit
663 2405 762 2479 aquis.

101 2487 213 2549 Difficile
228 2495 391 2551 esttamen
406 2488 493 2564 hinc,
508 2488 600 2548 remis
615 2489 710 2548 utaris
727 2505 767 2547 an
781 2503 864 2559 aura,

107 2585 115 2605 '
134 2572 244 2634 Dicere.
282 2573 445 2634 eonsilium
458 2587 573 2650 resque
588 2575 739 2648 locusque
754 2570 879 2633 dabunt.
984 2591 987 2598 ·

19 2669 20 2676 ¹
100 2655 126 2716 Si
139 2658 248 2732 poteris
265 2673 364 2720 vacuo
379 2657 473 2731 uadi,
490 2657 518 2718 si
532 2664 641 2719 cuncta
655 2655 775 2718 videbis

19 2753 20 2774 ¹
131 2740 221 2815 Mitio,
238 2743 266 2803 si
283 2743 364 2802 vires
380 2742 504 2818 fregerit
517 2743 564 2804 ira
577 2759 668 2804 suas=

61 2830 87 2883 95
98 2822 125 2885 Si
138 2827 202 2900 quis
217 2827 287 2900 erit,
305 2828 357 2902 qui
371 2834 401 2889 te
416 2825 605 2888 dubitantem
619 2834 649 2888 et
663 2826 748 2887 adire
762 2826 915 2887 timentem

129 2909 247 2984 Tradat,
263 2918 295 2972 et
308 2917 379 2971 ante
391 2917 493 2972 tamen
508 2929 609 2988 pauca
622 2913 781 2987 loquatur,
796 2911 855 2970 adi.

95 2992 166 3054 Luce
178 2993 262 3056 bona
276 2996 465 3072 dominoque
480 3003 532 3057 tuo
548 2998 665 3058 felicior
679 2997 748 3070 ipso

127 3078 288 3141 Pervenios
302 3081 374 3142 illuc
389 3087 419 3142 et
434 3082 514 3141 mala
528 3087 633 3142 nostra
647 3082 743 3141 leves.
767 3099 769 3106 ¹

94 3161 219 3240 Namque
234 3180 272 3225 ca
281 3166 332 3225 vei
346 3181 452 3242 nemo,
467 3168 518 3225 vei
533 3165 583 3241 qui
598 3165 671 3225 mihi
687 3165 813 3224 vulnera
828 3163 899 3225 iecit

50 3253 86 3305 loo
128 3246 217 3309 Solus
232 3249 373 3310 Achilleo
386 3253 493 3311 toliere
507 3265 593 3310 more
607 3256 719 3325 potest.

92 3330 209 3394 Tantum
222 3349 263 3394 ne
277 3349 408 3411 noceas,
426 3335 499 3396 dum
512 3335 562 3395 vis
577 3335 745 3410 prodesse,
761 3332 876 3393 videto.

127 3415 202 3478 Nam
217 3434 292 3494 spes
309 3426 358 3480 est
371 3418 463 3480 animi
479 3424 585 3480 nostra
598 3419 707 3479 timore
721 3416 829 3476 minor.

91 3500 231 3580 Quaeque
248 3502 439 3581 quiescebat,
454 3519 495 3564 ne
510 3509 593 3566 moto
606 3501 759 3565 resaeviat
772 3499 831 3643 irlag
