<?xml version="1.0" encoding="UTF-8"?>
<!DOCTYPE html PUBLIC "-//W3C//DTD XHTML 1.0 Transitional//EN"
    "http://www.w3.org/TR/xhtml1/DTD/xhtml1-transitional.dtd">
<html xmlns="http://www.w3.org/1999/xhtml" xml:lang="en" lang="en">
 <head>
  <title>
</title>
<meta http-equiv="Content-Type" content="text/html;charset=utf-8" />
  <meta name='ocr-system' content='tesseract 3.04.00' />
  <meta name='ocr-capabilities' content='ocr_page ocr_carea ocr_par ocr_line ocrx_word'/>
</head>
<body>
  <div class='ocr_page' id='page_1' title='image "./povidiusnaso00goog_0154.png"; bbox 0 0 2394 3940; ppageno 0'>
   <div class='ocr_carea' id='block_1_1' title="bbox 346 255 663 336">
    <p class='ocr_par' dir='ltr' id='par_1_1' title="bbox 346 255 663 336">
     <span class='ocr_line' id='line_1_1' title="bbox 346 255 663 336; baseline 0.009 -18"><span class='ocrx_word' id='word_1_1' title='bbox 346 257 387 333; x_wconf 84' lang='lat' dir='ltr'><strong>ll,</strong></span> <span class='ocrx_word' id='word_1_2' title='bbox 410 255 445 333; x_wconf 73' lang='lat'><strong>3,</strong></span> <span class='ocrx_word' id='word_1_3' title='bbox 467 255 589 336; x_wconf 75' lang='lat' dir='ltr'><strong>etl—5,</strong></span> <span class='ocrx_word' id='word_1_4' title='bbox 611 257 663 322; x_wconf 75' lang='lat'><strong>25.</strong></span> 
     </span>
    </p>
   </div>
   <div class='ocr_carea' id='block_1_2' title="bbox 47 409 927 1243">
    <p class='ocr_par' dir='ltr' id='par_1_2' title="bbox 47 409 927 1243">
     <span class='ocr_line' id='line_1_2' title="bbox 48 409 807 492; baseline 0 -20"><span class='ocrx_word' id='word_1_5' title='bbox 48 420 74 474; x_wconf 80' lang='lat' dir='ltr'><strong>lo</strong></span> <span class='ocrx_word' id='word_1_6' title='bbox 86 411 185 487; x_wconf 83' lang='lat' dir='ltr'><strong>Longa</strong></span> <span class='ocrx_word' id='word_1_7' title='bbox 203 409 271 470; x_wconf 89' lang='lat' dir='ltr'><strong>dies</strong></span> <span class='ocrx_word' id='word_1_8' title='bbox 288 409 377 470; x_wconf 87' lang='lat' dir='ltr'><strong>eitius</strong></span> <span class='ocrx_word' id='word_1_9' title='bbox 397 410 526 471; x_wconf 87' lang='lat' dir='ltr'><strong>brumali</strong></span> <span class='ocrx_word' id='word_1_10' title='bbox 546 411 663 486; x_wconf 83' lang='lat' dir='ltr'>sidere,</span> <span class='ocrx_word' id='word_1_11' title='bbox 682 428 807 492; x_wconf 80' lang='lat' dir='ltr'>noxque</span> 
     </span>
     <span class='ocr_line' id='line_1_3' title="bbox 124 493 664 572; baseline 0.002 -17"><span class='ocrx_word' id='word_1_12' title='bbox 124 493 251 555; x_wconf 86' lang='lat' dir='ltr'><strong>Tardior</strong></span> <span class='ocrx_word' id='word_1_13' title='bbox 263 493 396 554; x_wconf 86' lang='lat' dir='ltr'><strong>¹hiberna</strong></span> <span class='ocrx_word' id='word_1_14' title='bbox 410 494 581 556; x_wconf 86' lang='lat' dir='ltr'><strong>solstitialis</strong></span> <span class='ocrx_word' id='word_1_15' title='bbox 601 497 664 572; x_wconf 63' lang='lat' dir='ltr'><strong>erit,</strong></span> 
     </span>
     <span class='ocr_line' id='line_1_4' title="bbox 86 577 927 659; baseline 0.01 -21"><span class='ocrx_word' id='word_1_16' title='bbox 86 579 143 639; x_wconf 86' lang='lat' dir='ltr'><strong>Nec</strong></span> <span class='ocrx_word' id='word_1_17' title='bbox 155 577 299 657; x_wconf 77' lang='lat' dir='ltr'><strong>Babylon</strong></span> <span class='ocrx_word' id='word_1_18' title='bbox 314 581 450 651; x_wconf 86' lang='lat' dir='ltr'><strong>aestum,</strong></span> <span class='ocrx_word' id='word_1_19' title='bbox 466 593 523 639; x_wconf 90' lang='lat' dir='ltr'><strong>nee</strong></span> <span class='ocrx_word' id='word_1_20' title='bbox 537 579 652 656; x_wconf 76' lang='lat' dir='ltr'>frigora</span> <span class='ocrx_word' id='word_1_21' title='bbox 665 579 781 642; x_wconf 80' lang='lat' dir='ltr'><strong>Pontus</strong></span> <span class='ocrx_word' id='word_1_22' title='bbox 795 579 927 659; x_wconf 78' lang='lat' dir='ltr'>habebit,</span> 
     </span>
     <span class='ocr_line' id='line_1_5' title="bbox 125 661 816 740; baseline 0.006 -17"><span class='ocrx_word' id='word_1_23' title='bbox 125 661 290 738; x_wconf 81' lang='lat' dir='ltr'>calthaque</span> <span class='ocrx_word' id='word_1_24' title='bbox 303 661 470 724; x_wconf 73' lang='lat' dir='ltr'><strong>Paestanas</strong></span> <span class='ocrx_word' id='word_1_25' title='bbox 487 662 589 725; x_wconf 85' lang='lat' dir='ltr'><strong>vincet</strong></span> <span class='ocrx_word' id='word_1_26' title='bbox 605 665 701 724; x_wconf 87' lang='lat' dir='ltr'><strong>odore</strong></span> <span class='ocrx_word' id='word_1_27' title='bbox 716 679 816 740; x_wconf 88' lang='lat' dir='ltr'><strong>rosas,</strong></span> 
     </span>
     <span class='ocr_line' id='line_1_6' title="bbox 88 745 831 820; baseline 0 -12"><span class='ocrx_word' id='word_1_28' title='bbox 88 747 176 820; x_wconf 79' lang='lat' dir='ltr'><strong>Quam</strong></span> <span class='ocrx_word' id='word_1_29' title='bbox 191 745 247 806; x_wconf 90' lang='lat' dir='ltr'><strong>tibi</strong></span> <span class='ocrx_word' id='word_1_30' title='bbox 262 752 438 808; x_wconf 76' lang='lat' dir='ltr'><strong>rosnarum</strong></span> <span class='ocrx_word' id='word_1_31' title='bbox 451 748 576 808; x_wconf 86' lang='lat' dir='ltr'><strong>veniant</strong></span> <span class='ocrx_word' id='word_1_32' title='bbox 590 747 704 809; x_wconf 91' lang='lat' dir='ltr'><strong>oblivia</strong></span> <span class='ocrx_word' id='word_1_33' title='bbox 720 763 831 810; x_wconf 82' lang='lat' dir='ltr'><strong>rerum.</strong></span> 
     </span>
     <span class='ocr_line' id='line_1_7' title="bbox 47 829 803 906; baseline 0.003 -17"><span class='ocrx_word' id='word_1_34' title='bbox 47 835 74 889; x_wconf 66' lang='lat' dir='ltr'><strong>a</strong></span> <span class='ocrx_word' id='word_1_35' title='bbox 121 831 187 890; x_wconf 87' lang='lat' dir='ltr'><strong>Non</strong></span> <span class='ocrx_word' id='word_1_36' title='bbox 204 830 247 891; x_wconf 90' lang='lat' dir='ltr'><strong>ita</strong></span> <span class='ocrx_word' id='word_1_37' title='bbox 260 843 335 906; x_wconf 87' lang='lat' dir='ltr'><strong>pars</strong></span> <span class='ocrx_word' id='word_1_38' title='bbox 356 829 409 891; x_wconf 88' lang='lat' dir='ltr'><strong>iati</strong></span> <span class='ocrx_word' id='word_1_39' title='bbox 423 831 557 893; x_wconf 90' lang='lat' dir='ltr'><strong>eandida</strong></span> <span class='ocrx_word' id='word_1_40' title='bbox 570 832 654 893; x_wconf 87' lang='lat' dir='ltr'><strong>nulla</strong></span> <span class='ocrx_word' id='word_1_41' title='bbox 667 831 726 891; x_wconf 91' lang='lat' dir='ltr'><strong>mei</strong></span> <span class='ocrx_word' id='word_1_42' title='bbox 746 840 803 896; x_wconf 88' lang='lat' dir='ltr'><strong>est.</strong></span> 
     </span>
     <span class='ocr_line' id='line_1_8' title="bbox 86 913 800 992; baseline 0.006 -18"><span class='ocrx_word' id='word_1_43' title='bbox 86 914 125 975; x_wconf 89' lang='lat' dir='ltr'><strong>lle</strong></span> <span class='ocrx_word' id='word_1_44' title='bbox 138 921 239 976; x_wconf 73' lang='lat' dir='ltr'><strong>amen</strong></span> <span class='ocrx_word' id='word_1_45' title='bbox 254 914 334 974; x_wconf 89' lang='lat' dir='ltr'><strong>haee</strong></span> <span class='ocrx_word' id='word_1_46' title='bbox 348 913 408 974; x_wconf 89' lang='lat' dir='ltr'><strong>diei</strong></span> <span class='ocrx_word' id='word_1_47' title='bbox 425 915 526 992; x_wconf 85' lang='lat' dir='ltr'><strong>possit</strong></span> <span class='ocrx_word' id='word_1_48' title='bbox 538 915 652 977; x_wconf 86' lang='lat' dir='ltr'><strong>iidueia</strong></span> <span class='ocrx_word' id='word_1_49' title='bbox 666 916 800 979; x_wconf 87' lang='lat' dir='ltr'><strong>mendax</strong></span> 
     </span>
     <span class='ocr_line' id='line_1_9' title="bbox 121 997 815 1078; baseline 0.003 -18"><span class='ocrx_word' id='word_1_50' title='bbox 121 997 281 1074; x_wconf 53' lang='lat' dir='ltr'><strong>‚sputaque</strong></span> <span class='ocrx_word' id='word_1_51' title='bbox 296 997 461 1059; x_wconf 79' lang='lat' dir='ltr'><strong>credulitas</strong></span> <span class='ocrx_word' id='word_1_52' title='bbox 477 1006 585 1060; x_wconf 88' lang='lat' dir='ltr'><strong>nostra</strong></span> <span class='ocrx_word' id='word_1_53' title='bbox 603 1000 714 1074; x_wconf 88' lang='lat' dir='ltr'><strong>luisse,</strong></span> <span class='ocrx_word' id='word_1_54' title='bbox 730 1017 815 1078; x_wconf 85' lang='lat' dir='ltr'><strong>eave,</strong></span> 
     </span>
     <span class='ocr_line' id='line_1_10' title="bbox 88 1081 805 1159; baseline 0.004 -16"><span class='ocrx_word' id='word_1_55' title='bbox 88 1081 299 1158; x_wconf 75' lang='lat' dir='ltr'><strong>constantique</strong></span> <span class='ocrx_word' id='word_1_56' title='bbox 313 1082 376 1143; x_wconf 88' lang='lat' dir='ltr'><strong>ilde</strong></span> <span class='ocrx_word' id='word_1_57' title='bbox 390 1088 525 1144; x_wconf 89' lang='lat' dir='ltr'><strong>veterem</strong></span> <span class='ocrx_word' id='word_1_58' title='bbox 539 1090 638 1144; x_wconf 87' lang='lat' dir='ltr'><strong>tutare</strong></span> <span class='ocrx_word' id='word_1_59' title='bbox 657 1083 805 1159; x_wconf 88' lang='lat' dir='ltr'><strong>sodalem,</strong></span> 
     </span>
     <span class='ocr_line' id='line_1_11' title="bbox 124 1165 808 1243; baseline -0.001 -13"><span class='ocrx_word' id='word_1_60' title='bbox 124 1167 188 1242; x_wconf 82' lang='lat' dir='ltr'><strong>Qua</strong></span> <span class='ocrx_word' id='word_1_61' title='bbox 204 1165 276 1228; x_wconf 88' lang='lat' dir='ltr'><strong>lieet</strong></span> <span class='ocrx_word' id='word_1_62' title='bbox 291 1172 322 1228; x_wconf 88' lang='lat' dir='ltr'><strong>et</strong></span> <span class='ocrx_word' id='word_1_63' title='bbox 336 1175 483 1243; x_wconf 88' lang='lat' dir='ltr'><strong>qnantum</strong></span> <span class='ocrx_word' id='word_1_64' title='bbox 502 1182 564 1228; x_wconf 94' lang='lat' dir='ltr'><strong>non</strong></span> <span class='ocrx_word' id='word_1_65' title='bbox 580 1182 730 1230; x_wconf 88' lang='lat' dir='ltr'><strong>onerosus</strong></span> <span class='ocrx_word' id='word_1_66' title='bbox 746 1184 808 1232; x_wconf 88' lang='lat' dir='ltr'><strong>ero.</strong></span> 
     </span>
    </p>
   </div>
   <div class='ocr_carea' id='block_1_3' title="bbox 48 1350 861 1586">
    <p class='ocr_par' dir='ltr' id='par_1_3' title="bbox 48 1350 861 1586">
     <span class='ocr_line' id='line_1_12' title="bbox 48 1350 316 1448; baseline 0.011 -5"><span class='ocrx_word' id='word_1_67' title='bbox 48 1350 77 1443; x_wconf 85' lang='lat' dir='ltr'><strong>l.</strong></span> <span class='ocrx_word' id='word_1_68' title='bbox 123 1351 316 1448; x_wconf 67' lang='lat' dir='ltr'><strong>suanno.</strong></span> 
     </span>
     <span class='ocr_line' id='line_1_13' title="bbox 88 1468 861 1586; baseline 0.017 -24"><span class='ocrx_word' id='word_1_69' title='bbox 88 1468 215 1569; x_wconf 76' lang='lat' dir='ltr'><strong>Condita</strong></span> <span class='ocrx_word' id='word_1_70' title='bbox 230 1506 409 1584; x_wconf 82' lang='lat' dir='ltr'><strong>disparibus</strong></span> <span class='ocrx_word' id='word_1_71' title='bbox 424 1510 559 1571; x_wconf 89' lang='lat' dir='ltr'><strong>numeris</strong></span> <span class='ocrx_word' id='word_1_72' title='bbox 574 1525 632 1586; x_wconf 81' lang='lat' dir='ltr'><strong>ego</strong></span> <span class='ocrx_word' id='word_1_73' title='bbox 650 1511 733 1574; x_wconf 88' lang='lat' dir='ltr'><strong>Naso</strong></span> <span class='ocrx_word' id='word_1_74' title='bbox 749 1513 861 1575; x_wconf 83' lang='lat' dir='ltr'><strong>Salano</strong></span> 
     </span>
    </p>
   </div>
   <div class='ocr_carea' id='block_1_4' title="bbox 17 1590 1043 3612">
    <p class='ocr_par' dir='ltr' id='par_1_4' title="bbox 17 1590 1043 3612">
     <span class='ocr_line' id='line_1_14' title="bbox 121 1590 706 1668; baseline 0.009 -18"><span class='ocrx_word' id='word_1_75' title='bbox 121 1590 300 1668; x_wconf 85' lang='lat' dir='ltr'><strong>Praeposito</strong></span> <span class='ocrx_word' id='word_1_76' title='bbox 313 1592 383 1652; x_wconf 89' lang='lat' dir='ltr'><strong>misi</strong></span> <span class='ocrx_word' id='word_1_77' title='bbox 399 1594 495 1655; x_wconf 90' lang='lat' dir='ltr'><strong>verba</strong></span> <span class='ocrx_word' id='word_1_78' title='bbox 510 1595 608 1656; x_wconf 86' lang='lat' dir='ltr'><strong>salute</strong></span> <span class='ocrx_word' id='word_1_79' title='bbox 627 1611 706 1658; x_wconf 87' lang='lat' dir='ltr'><strong>meo.</strong></span> 
     </span>
     <span class='ocr_line' id='line_1_15' title="bbox 88 1675 922 1757; baseline 0.006 -21"><span class='ocrx_word' id='word_1_80' title='bbox 88 1675 160 1750; x_wconf 85' lang='lat' dir='ltr'><strong>Quae</strong></span> <span class='ocrx_word' id='word_1_81' title='bbox 173 1681 241 1737; x_wconf 87' lang='lat' dir='ltr'><strong>rata</strong></span> <span class='ocrx_word' id='word_1_82' title='bbox 254 1675 307 1752; x_wconf 88' lang='lat' dir='ltr'><strong>sit,</strong></span> <span class='ocrx_word' id='word_1_83' title='bbox 326 1675 428 1752; x_wconf 87' lang='lat' dir='ltr'><strong>euplo.</strong></span> <span class='ocrx_word' id='word_1_84' title='bbox 444 1675 600 1755; x_wconf 84' lang='lat' dir='ltr'><strong>rebusque</strong></span> <span class='ocrx_word' id='word_1_85' title='bbox 614 1687 646 1740; x_wconf 85' lang='lat' dir='ltr'><strong>ut</strong></span> <span class='ocrx_word' id='word_1_86' title='bbox 662 1689 809 1756; x_wconf 77' lang='lat' dir='ltr'><strong>congruat</strong></span> <span class='ocrx_word' id='word_1_87' title='bbox 823 1697 922 1757; x_wconf 81' lang='lat' dir='ltr'><strong>oman,</strong></span> 
     </span>
     <span class='ocr_line' id='line_1_16' title="bbox 123 1759 785 1840; baseline 0.006 -21"><span class='ocrx_word' id='word_1_88' title='bbox 123 1759 162 1821; x_wconf 89' lang='lat' dir='ltr'><strong>Te</strong></span> <span class='ocrx_word' id='word_1_89' title='bbox 177 1775 328 1836; x_wconf 83' lang='lat' dir='ltr'><strong>preeora</strong></span> <span class='ocrx_word' id='word_1_90' title='bbox 343 1761 432 1823; x_wconf 88' lang='lat' dir='ltr'><strong>salvo</strong></span> <span class='ocrx_word' id='word_1_91' title='bbox 449 1763 563 1839; x_wconf 83' lang='lat' dir='ltr'><strong>possit,</strong></span> <span class='ocrx_word' id='word_1_92' title='bbox 580 1764 692 1839; x_wconf 81' lang='lat' dir='ltr'><strong>amice,</strong></span> <span class='ocrx_word' id='word_1_93' title='bbox 715 1763 785 1840; x_wconf 84' lang='lat' dir='ltr'><strong>legi.</strong></span> 
     </span>
     <span class='ocr_line' id='line_1_17' title="bbox 66 1843 841 1924; baseline 0.012 -22"><span class='ocrx_word' id='word_1_94' title='bbox 66 1843 215 1920; x_wconf 77' lang='lat' dir='ltr'><strong>idandor,</strong></span> <span class='ocrx_word' id='word_1_95' title='bbox 236 1845 267 1905; x_wconf 90' lang='lat' dir='ltr'><strong>in</strong></span> <span class='ocrx_word' id='word_1_96' title='bbox 283 1845 344 1905; x_wconf 87' lang='lat' dir='ltr'><strong>hoe</strong></span> <span class='ocrx_word' id='word_1_97' title='bbox 359 1859 438 1906; x_wconf 90' lang='lat' dir='ltr'><strong>aevo</strong></span> <span class='ocrx_word' id='word_1_98' title='bbox 451 1860 502 1908; x_wconf 88' lang='lat' dir='ltr'><strong>res</strong></span> <span class='ocrx_word' id='word_1_99' title='bbox 517 1849 715 1910; x_wconf 85' lang='lat' dir='ltr'><strong>intermortua</strong></span> <span class='ocrx_word' id='word_1_100' title='bbox 734 1863 841 1924; x_wconf 88' lang='lat' dir='ltr'><strong>paene,</strong></span> 
     </span>
     <span class='ocr_line' id='line_1_18' title="bbox 120 1927 690 2006; baseline 0.005 -18"><span class='ocrx_word' id='word_1_101' title='bbox 120 1927 231 2005; x_wconf 80' lang='lat' dir='ltr'><strong>Exigit,</strong></span> <span class='ocrx_word' id='word_1_102' title='bbox 248 1936 282 1992; x_wconf 87' lang='lat' dir='ltr'><strong>ut</strong></span> <span class='ocrx_word' id='word_1_103' title='bbox 296 1929 406 1990; x_wconf 84' lang='lat' dir='ltr'><strong>leolam</strong></span> <span class='ocrx_word' id='word_1_104' title='bbox 419 1931 492 1994; x_wconf 89' lang='lat' dir='ltr'><strong>talia</strong></span> <span class='ocrx_word' id='word_1_105' title='bbox 508 1938 593 2006; x_wconf 90' lang='lat' dir='ltr'><strong>vota,</strong></span> <span class='ocrx_word' id='word_1_106' title='bbox 609 1940 690 1994; x_wconf 87' lang='lat' dir='ltr'><strong>tuus.</strong></span> 
     </span>
     <span class='ocr_line' id='line_1_19' title="bbox 87 2012 907 2092; baseline 0.01 -22"><span class='ocrx_word' id='word_1_107' title='bbox 87 2012 151 2072; x_wconf 85' lang='lat' dir='ltr'><strong>llam</strong></span> <span class='ocrx_word' id='word_1_108' title='bbox 164 2013 273 2075; x_wconf 88' lang='lat' dir='ltr'><strong>luerim</strong></span> <span class='ocrx_word' id='word_1_109' title='bbox 288 2015 429 2090; x_wconf 88' lang='lat' dir='ltr'><strong>quamvis</strong></span> <span class='ocrx_word' id='word_1_110' title='bbox 443 2016 565 2080; x_wconf 85' lang='lat' dir='ltr'><strong>modico</strong></span> <span class='ocrx_word' id='word_1_111' title='bbox 581 2015 633 2077; x_wconf 89' lang='lat' dir='ltr'><strong>libi</strong></span> <span class='ocrx_word' id='word_1_112' title='bbox 649 2017 769 2080; x_wconf 88' lang='lat' dir='ltr'><strong>iunctus</strong></span> <span class='ocrx_word' id='word_1_113' title='bbox 787 2016 825 2077; x_wconf 87' lang='lat' dir='ltr'><strong>ab</strong></span> <span class='ocrx_word' id='word_1_114' title='bbox 840 2033 907 2092; x_wconf 88' lang='lat' dir='ltr'><strong>usu,</strong></span> 
     </span>
     <span class='ocr_line' id='line_1_20' title="bbox 121 2096 650 2161; baseline 0.004 -5"><span class='ocrx_word' id='word_1_115' title='bbox 121 2096 234 2159; x_wconf 84' lang='lat' dir='ltr'><strong>Diceris</strong></span> <span class='ocrx_word' id='word_1_116' title='bbox 254 2098 355 2160; x_wconf 90' lang='lat' dir='ltr'><strong>exiliis</strong></span> <span class='ocrx_word' id='word_1_117' title='bbox 375 2099 546 2161; x_wconf 86' lang='lat' dir='ltr'><strong>indoluisse</strong></span> <span class='ocrx_word' id='word_1_118' title='bbox 559 2101 650 2161; x_wconf 84' lang='lat' dir='ltr'><strong>meis:</strong></span> 
     </span>
     <span class='ocr_line' id='line_1_21' title="bbox 86 2178 907 2262; baseline 0.007 -22"><span class='ocrx_word' id='word_1_119' title='bbox 86 2178 232 2258; x_wconf 83' lang='lat' dir='ltr'><strong>Missaque</strong></span> <span class='ocrx_word' id='word_1_120' title='bbox 245 2182 285 2243; x_wconf 87' lang='lat' dir='ltr'><strong>ab</strong></span> <span class='ocrx_word' id='word_1_121' title='bbox 298 2182 420 2244; x_wconf 83' lang='lat' dir='ltr'><strong>Euxino</strong></span> <span class='ocrx_word' id='word_1_122' title='bbox 436 2185 556 2260; x_wconf 80' lang='lat' dir='ltr'><strong>legeres</strong></span> <span class='ocrx_word' id='word_1_123' title='bbox 572 2201 640 2247; x_wconf 90' lang='lat' dir='ltr'><strong>eum</strong></span> <span class='ocrx_word' id='word_1_124' title='bbox 655 2186 789 2248; x_wconf 89' lang='lat' dir='ltr'><strong>earmina</strong></span> <span class='ocrx_word' id='word_1_125' title='bbox 802 2185 907 2262; x_wconf 87' lang='lat' dir='ltr'><strong>Ponto,</strong></span> 
     </span>
     <span class='ocr_line' id='line_1_22' title="bbox 52 2264 716 2344; baseline 0.012 -26"><span class='ocrx_word' id='word_1_126' title='bbox 52 2265 76 2318; x_wconf 87' lang='lat' dir='ltr'><strong>it</strong></span> <span class='ocrx_word' id='word_1_127' title='bbox 121 2265 172 2326; x_wconf 86' lang='lat' dir='ltr'><strong>illa</strong></span> <span class='ocrx_word' id='word_1_128' title='bbox 186 2264 256 2328; x_wconf 83' lang='lat' dir='ltr'><strong>inus</strong></span> <span class='ocrx_word' id='word_1_129' title='bbox 271 2267 348 2327; x_wconf 90' lang='lat' dir='ltr'><strong>invit</strong></span> <span class='ocrx_word' id='word_1_130' title='bbox 363 2268 598 2344; x_wconf 81' lang='lat' dir='ltr'><strong>qualiacumque</strong></span> <span class='ocrx_word' id='word_1_131' title='bbox 613 2270 716 2330; x_wconf 68' lang='lat' dir='ltr'><strong>lavore</strong></span> 
     </span>
     <span class='ocr_line' id='line_1_23' title="bbox 88 2346 829 2430; baseline 0.008 -22"><span class='ocrx_word' id='word_1_132' title='bbox 88 2346 256 2426; x_wconf 78' lang='lat' dir='ltr'><strong>optastique</strong></span> <span class='ocrx_word' id='word_1_133' title='bbox 270 2350 395 2412; x_wconf 86' lang='lat' dir='ltr'><strong>brevem</strong></span> <span class='ocrx_word' id='word_1_134' title='bbox 411 2353 488 2413; x_wconf 88' lang='lat' dir='ltr'><strong>salvi</strong></span> <span class='ocrx_word' id='word_1_135' title='bbox 503 2353 575 2413; x_wconf 93' lang='lat' dir='ltr'><strong>mihi</strong></span> <span class='ocrx_word' id='word_1_136' title='bbox 590 2353 730 2414; x_wconf 85' lang='lat' dir='ltr'><strong>caesaris</strong></span> <span class='ocrx_word' id='word_1_137' title='bbox 745 2354 829 2430; x_wconf 89' lang='lat' dir='ltr'><strong>iram,</strong></span> 
     </span>
     <span class='ocr_line' id='line_1_24' title="bbox 124 2434 799 2512; baseline 0 -17"><span class='ocrx_word' id='word_1_138' title='bbox 124 2434 209 2509; x_wconf 82' lang='lat' dir='ltr'><strong>Quod</strong></span> <span class='ocrx_word' id='word_1_139' title='bbox 223 2441 325 2496; x_wconf 90' lang='lat' dir='ltr'><strong>tomen</strong></span> <span class='ocrx_word' id='word_1_140' title='bbox 340 2437 454 2512; x_wconf 86' lang='lat' dir='ltr'><strong>optari,</strong></span> <span class='ocrx_word' id='word_1_141' title='bbox 475 2438 502 2498; x_wconf 92' lang='lat' dir='ltr'><strong>si</strong></span> <span class='ocrx_word' id='word_1_142' title='bbox 517 2439 608 2512; x_wconf 83' lang='lat' dir='ltr'><strong>scial,</strong></span> <span class='ocrx_word' id='word_1_143' title='bbox 625 2437 694 2512; x_wconf 90' lang='lat' dir='ltr'><strong>ipse</strong></span> <span class='ocrx_word' id='word_1_144' title='bbox 710 2436 799 2496; x_wconf 90' lang='lat' dir='ltr'><strong>sinat.</strong></span> 
     </span>
     <span class='ocr_line' id='line_1_25' title="bbox 86 2515 758 2594; baseline 0.006 -18"><span class='ocrx_word' id='word_1_145' title='bbox 86 2515 212 2580; x_wconf 86' lang='lat' dir='ltr'><strong>Moribus</strong></span> <span class='ocrx_word' id='word_1_146' title='bbox 227 2521 288 2581; x_wconf 87' lang='lat' dir='ltr'><strong>isla</strong></span> <span class='ocrx_word' id='word_1_147' title='bbox 301 2519 362 2580; x_wconf 91' lang='lat' dir='ltr'><strong>luis</strong></span> <span class='ocrx_word' id='word_1_148' title='bbox 376 2527 437 2581; x_wconf 89' lang='lat' dir='ltr'><strong>tam</strong></span> <span class='ocrx_word' id='word_1_149' title='bbox 452 2522 536 2582; x_wconf 90' lang='lat' dir='ltr'><strong>milia</strong></span> <span class='ocrx_word' id='word_1_150' title='bbox 551 2528 624 2582; x_wconf 87' lang='lat' dir='ltr'><strong>vota</strong></span> <span class='ocrx_word' id='word_1_151' title='bbox 638 2521 758 2594; x_wconf 90' lang='lat' dir='ltr'><strong>dedisti,</strong></span> 
     </span>
     <span class='ocr_line' id='line_1_26' title="bbox 119 2601 757 2682; baseline -0.002 -19"><span class='ocrx_word' id='word_1_152' title='bbox 119 2601 178 2664; x_wconf 89' lang='lat' dir='ltr'><strong>Neo</strong></span> <span class='ocrx_word' id='word_1_153' title='bbox 191 2605 292 2666; x_wconf 89' lang='lat' dir='ltr'><strong>minus</strong></span> <span class='ocrx_word' id='word_1_154' title='bbox 306 2603 423 2666; x_wconf 88' lang='lat' dir='ltr'><strong>ideireo</strong></span> <span class='ocrx_word' id='word_1_155' title='bbox 439 2613 510 2666; x_wconf 92' lang='lat' dir='ltr'><strong>sunt</strong></span> <span class='ocrx_word' id='word_1_156' title='bbox 524 2622 561 2667; x_wconf 89' lang='lat' dir='ltr'><strong>ea</strong></span> <span class='ocrx_word' id='word_1_157' title='bbox 576 2613 661 2682; x_wconf 82' lang='lat' dir='ltr'><strong>grata</strong></span> <span class='ocrx_word' id='word_1_158' title='bbox 675 2604 757 2666; x_wconf 90' lang='lat' dir='ltr'><strong>mihi.</strong></span> 
     </span>
     <span class='ocr_line' id='line_1_27' title="bbox 50 2685 1043 2766; baseline 0.008 -24"><span class='ocrx_word' id='word_1_159' title='bbox 50 2692 73 2744; x_wconf 79' lang='lat'><strong>15</strong></span> <span class='ocrx_word' id='word_1_160' title='bbox 86 2685 202 2765; x_wconf 78' lang='lat' dir='ltr'><strong>Quoque</strong></span> <span class='ocrx_word' id='word_1_161' title='bbox 215 2689 314 2765; x_wconf 77' lang='lat' dir='ltr'><strong>magis</strong></span> <span class='ocrx_word' id='word_1_162' title='bbox 329 2704 473 2750; x_wconf 86' lang='lat' dir='ltr'><strong>moveare</strong></span> <span class='ocrx_word' id='word_1_163' title='bbox 487 2691 591 2766; x_wconf 88' lang='lat' dir='ltr'><strong>malis,</strong></span> <span class='ocrx_word' id='word_1_164' title='bbox 608 2689 799 2760; x_wconf 88' lang='lat' dir='ltr'><strong>deotissime,</strong></span> <span class='ocrx_word' id='word_1_165' title='bbox 816 2686 940 2766; x_wconf 85' lang='lat' dir='ltr'><strong>nostris,</strong></span> <span class='ocrx_word' id='word_1_166' title='bbox 1038 2757 1043 2765; x_wconf 60' lang='grc'><em>,</em></span> 
     </span>
     <span class='ocr_line' id='line_1_28' title="bbox 122 2772 696 2836; baseline 0.002 -4"><span class='ocrx_word' id='word_1_167' title='bbox 122 2772 268 2834; x_wconf 84' lang='lat' dir='ltr'><strong>Credibile</strong></span> <span class='ocrx_word' id='word_1_168' title='bbox 286 2781 334 2834; x_wconf 91' lang='lat' dir='ltr'><strong>est</strong></span> <span class='ocrx_word' id='word_1_169' title='bbox 348 2773 414 2834; x_wconf 89' lang='lat' dir='ltr'><strong>lieri</strong></span> <span class='ocrx_word' id='word_1_170' title='bbox 430 2775 612 2836; x_wconf 82' lang='lat' dir='ltr'><strong>condicione</strong></span> <span class='ocrx_word' id='word_1_171' title='bbox 626 2775 696 2835; x_wconf 88' lang='lat' dir='ltr'><strong>loei.</strong></span> 
     </span>
     <span class='ocr_line' id='line_1_29' title="bbox 84 2855 904 2934; baseline 0.006 -21"><span class='ocrx_word' id='word_1_172' title='bbox 84 2855 139 2915; x_wconf 89' lang='lat' dir='ltr'><strong>Vix</strong></span> <span class='ocrx_word' id='word_1_173' title='bbox 152 2856 210 2918; x_wconf 89' lang='lat' dir='ltr'><strong>hue</strong></span> <span class='ocrx_word' id='word_1_174' title='bbox 224 2857 364 2919; x_wconf 90' lang='lat' dir='ltr'><strong>invenies</strong></span> <span class='ocrx_word' id='word_1_175' title='bbox 378 2864 490 2933; x_wconf 87' lang='lat' dir='ltr'><strong>tolum,</strong></span> <span class='ocrx_word' id='word_1_176' title='bbox 507 2859 579 2918; x_wconf 88' lang='lat' dir='ltr'><strong>mihi</strong></span> <span class='ocrx_word' id='word_1_177' title='bbox 595 2859 702 2933; x_wconf 88' lang='lat' dir='ltr'><strong>erede,</strong></span> <span class='ocrx_word' id='word_1_178' title='bbox 721 2873 775 2932; x_wconf 89' lang='lat' dir='ltr'><strong>per</strong></span> <span class='ocrx_word' id='word_1_179' title='bbox 790 2857 904 2934; x_wconf 89' lang='lat' dir='ltr'><strong>orbem,</strong></span> 
     </span>
     <span class='ocr_line' id='line_1_30' title="bbox 120 2939 828 3020; baseline 0 -20"><span class='ocrx_word' id='word_1_180' title='bbox 120 2939 198 3014; x_wconf 82' lang='lat' dir='ltr'><strong>Quae</strong></span> <span class='ocrx_word' id='word_1_181' title='bbox 211 2943 313 3004; x_wconf 89' lang='lat' dir='ltr'><strong>minus</strong></span> <span class='ocrx_word' id='word_1_182' title='bbox 328 2945 466 3018; x_wconf 83' lang='lat' dir='ltr'><strong>Augusta</strong></span> <span class='ocrx_word' id='word_1_183' title='bbox 487 2959 564 3020; x_wconf 89' lang='lat' dir='ltr'><strong>paee</strong></span> <span class='ocrx_word' id='word_1_184' title='bbox 579 2944 694 3004; x_wconf 80' lang='lat' dir='ltr'><strong>fruatur</strong></span> <span class='ocrx_word' id='word_1_185' title='bbox 707 2941 828 3002; x_wconf 88' lang='lat' dir='ltr'><strong>humus.</strong></span> 
     </span>
     <span class='ocr_line' id='line_1_31' title="bbox 17 3021 876 3104; baseline 0.006 -23"><span class='ocrx_word' id='word_1_186' title='bbox 17 3065 18 3082; x_wconf 45' lang='lat' dir='ltr'><strong>i</strong></span> <span class='ocrx_word' id='word_1_187' title='bbox 83 3021 121 3083; x_wconf 89' lang='lat' dir='ltr'><strong>Tu</strong></span> <span class='ocrx_word' id='word_1_188' title='bbox 135 3030 231 3086; x_wconf 90' lang='lat' dir='ltr'><strong>tamen</strong></span> <span class='ocrx_word' id='word_1_189' title='bbox 246 3027 297 3088; x_wconf 92' lang='lat' dir='ltr'><strong>hie</strong></span> <span class='ocrx_word' id='word_1_190' title='bbox 313 3033 446 3088; x_wconf 82' lang='lat' dir='ltr'><strong>structos</strong></span> <span class='ocrx_word' id='word_1_191' title='bbox 462 3028 540 3088; x_wconf 88' lang='lat' dir='ltr'><strong>inter</strong></span> <span class='ocrx_word' id='word_1_192' title='bbox 553 3029 618 3088; x_wconf 84' lang='lat' dir='ltr'><strong>lena</strong></span> <span class='ocrx_word' id='word_1_193' title='bbox 635 3025 753 3104; x_wconf 89' lang='lat' dir='ltr'><strong>proelia</strong></span> <span class='ocrx_word' id='word_1_194' title='bbox 766 3040 876 3086; x_wconf 86' lang='lat' dir='ltr'><strong>versus</strong></span> 
     </span>
     <span class='ocr_line' id='line_1_32' title="bbox 47 3105 738 3188; baseline 0.004 -22"><span class='ocrx_word' id='word_1_195' title='bbox 47 3105 72 3160; x_wconf 82' lang='lat' dir='ltr'><strong>lo</strong></span> <span class='ocrx_word' id='word_1_196' title='bbox 114 3107 151 3168; x_wconf 85' lang='lat' dir='ltr'><strong>El</strong></span> <span class='ocrx_word' id='word_1_197' title='bbox 163 3110 237 3186; x_wconf 81' lang='lat' dir='ltr'><strong>legis</strong></span> <span class='ocrx_word' id='word_1_198' title='bbox 252 3119 283 3172; x_wconf 88' lang='lat' dir='ltr'><strong>el</strong></span> <span class='ocrx_word' id='word_1_199' title='bbox 298 3113 394 3172; x_wconf 84' lang='lat' dir='ltr'><strong>lectos</strong></span> <span class='ocrx_word' id='word_1_200' title='bbox 411 3126 464 3171; x_wconf 87' lang='lat' dir='ltr'><strong>ore</strong></span> <span class='ocrx_word' id='word_1_201' title='bbox 479 3112 600 3172; x_wconf 83' lang='lat' dir='ltr'><strong>favente</strong></span> <span class='ocrx_word' id='word_1_202' title='bbox 614 3111 738 3188; x_wconf 81' lang='lat' dir='ltr'><strong>probae,</strong></span> 
     </span>
     <span class='ocr_line' id='line_1_33' title="bbox 82 3190 834 3272; baseline 0.007 -23"><span class='ocrx_word' id='word_1_203' title='bbox 82 3190 260 3272; x_wconf 82' lang='lat' dir='ltr'><strong>ingenioque</strong></span> <span class='ocrx_word' id='word_1_204' title='bbox 273 3212 360 3270; x_wconf 81' lang='lat' dir='ltr'><strong>meo,</strong></span> <span class='ocrx_word' id='word_1_205' title='bbox 381 3211 460 3256; x_wconf 86' lang='lat' dir='ltr'><strong>vena</strong></span> <span class='ocrx_word' id='word_1_206' title='bbox 475 3196 559 3272; x_wconf 91' lang='lat' dir='ltr'><strong>quod</strong></span> <span class='ocrx_word' id='word_1_207' title='bbox 574 3209 709 3272; x_wconf 87' lang='lat' dir='ltr'><strong>paupere</strong></span> <span class='ocrx_word' id='word_1_208' title='bbox 723 3201 834 3269; x_wconf 88' lang='lat' dir='ltr'><strong>manat,</strong></span> 
     </span>
     <span class='ocr_line' id='line_1_34' title="bbox 113 3275 779 3356; baseline 0.006 -23"><span class='ocrx_word' id='word_1_209' title='bbox 113 3275 247 3356; x_wconf 85' lang='lat' dir='ltr'><strong>Plaudls,</strong></span> <span class='ocrx_word' id='word_1_210' title='bbox 263 3288 293 3341; x_wconf 89' lang='lat' dir='ltr'><strong>et</strong></span> <span class='ocrx_word' id='word_1_211' title='bbox 309 3295 326 3340; x_wconf 88' lang='lat' dir='ltr'><strong>e</strong></span> <span class='ocrx_word' id='word_1_212' title='bbox 340 3279 406 3342; x_wconf 90' lang='lat' dir='ltr'><strong>rivo</strong></span> <span class='ocrx_word' id='word_1_213' title='bbox 426 3279 552 3341; x_wconf 86' lang='lat' dir='ltr'><strong>flumina</strong></span> <span class='ocrx_word' id='word_1_214' title='bbox 567 3296 678 3356; x_wconf 84' lang='lat' dir='ltr'><strong>magna</strong></span> <span class='ocrx_word' id='word_1_215' title='bbox 693 3278 779 3339; x_wconf 83' lang='lat' dir='ltr'><strong>lanis.</strong></span> 
     </span>
     <span class='ocr_line' id='line_1_35' title="bbox 83 3357 896 3439; baseline 0.005 -21"><span class='ocrx_word' id='word_1_216' title='bbox 83 3357 169 3421; x_wconf 84' lang='lat' dir='ltr'><strong>Grata</strong></span> <span class='ocrx_word' id='word_1_217' title='bbox 182 3366 306 3438; x_wconf 92' lang='lat' dir='ltr'><strong>quidem</strong></span> <span class='ocrx_word' id='word_1_218' title='bbox 328 3371 400 3426; x_wconf 89' lang='lat' dir='ltr'><strong>sunt</strong></span> <span class='ocrx_word' id='word_1_219' title='bbox 412 3364 489 3425; x_wconf 90' lang='lat' dir='ltr'><strong>haee</strong></span> <span class='ocrx_word' id='word_1_220' title='bbox 503 3366 604 3425; x_wconf 91' lang='lat' dir='ltr'><strong>animo</strong></span> <span class='ocrx_word' id='word_1_221' title='bbox 619 3362 766 3439; x_wconf 82' lang='lat' dir='ltr'><strong>suffragia</strong></span> <span class='ocrx_word' id='word_1_222' title='bbox 780 3367 896 3438; x_wconf 88' lang='lat' dir='ltr'><strong>nostro,</strong></span> 
     </span>
     <span class='ocr_line' id='line_1_36' title="bbox 118 3442 1000 3526; baseline 0.001 -22"><span class='ocrx_word' id='word_1_223' title='bbox 118 3442 178 3505; x_wconf 88' lang='lat' dir='ltr'><strong>Vix</strong></span> <span class='ocrx_word' id='word_1_224' title='bbox 192 3448 249 3508; x_wconf 91' lang='lat' dir='ltr'><strong>sibi</strong></span> <span class='ocrx_word' id='word_1_225' title='bbox 271 3465 340 3511; x_wconf 89' lang='lat' dir='ltr'><strong>eum</strong></span> <span class='ocrx_word' id='word_1_226' title='bbox 354 3449 484 3510; x_wconf 88' lang='lat' dir='ltr'><strong>miseros</strong></span> <span class='ocrx_word' id='word_1_227' title='bbox 500 3464 597 3526; x_wconf 85' lang='lat' dir='ltr'><strong>posse</strong></span> <span class='ocrx_word' id='word_1_228' title='bbox 611 3450 733 3525; x_wconf 88' lang='lat' dir='ltr'><strong>plaeere</strong></span> <span class='ocrx_word' id='word_1_229' title='bbox 750 3453 850 3523; x_wconf 81' lang='lat' dir='ltr'><strong>putasn</strong></span> <span class='ocrx_word' id='word_1_230' title='bbox 962 3476 1000 3490; x_wconf 92' lang='lat'><strong>-·</strong></span> 
     </span>
     <span class='ocr_line' id='line_1_37' title="bbox 45 3524 894 3612; baseline 0.009 -30"><span class='ocrx_word' id='word_1_231' title='bbox 45 3526 69 3582; x_wconf 76' lang='lat' dir='ltr'><strong>tt</strong></span> <span class='ocrx_word' id='word_1_232' title='bbox 80 3524 154 3588; x_wconf 90' lang='lat' dir='ltr'><strong>Dum</strong></span> <span class='ocrx_word' id='word_1_233' title='bbox 165 3537 263 3595; x_wconf 88' lang='lat' dir='ltr'><strong>tamen</strong></span> <span class='ocrx_word' id='word_1_234' title='bbox 280 3535 310 3594; x_wconf 94' lang='lat' dir='ltr'><strong>in</strong></span> <span class='ocrx_word' id='word_1_235' title='bbox 325 3532 419 3594; x_wconf 90' lang='lat' dir='ltr'><strong>rebus</strong></span> <span class='ocrx_word' id='word_1_236' title='bbox 433 3541 617 3612; x_wconf 84' lang='lat' dir='ltr'><strong>temptamus</strong></span> <span class='ocrx_word' id='word_1_237' title='bbox 633 3532 767 3594; x_wconf 86' lang='lat' dir='ltr'><strong>earmina</strong></span> <span class='ocrx_word' id='word_1_238' title='bbox 782 3529 894 3606; x_wconf 86' lang='lat' dir='ltr'><strong>parvis,</strong></span> 
     </span>
    </p>
   </div>
   <div class='ocr_carea' id='block_1_5' title="bbox 0 0 1202 3940">
    <p class='ocr_par' dir='ltr' id='par_1_5' title="bbox 0 0 1202 3940">
     <span class='ocr_line' id='line_1_38' title="bbox 0 0 1202 3940; baseline 0 3"><span class='ocrx_word' id='word_1_239' title='bbox 0 0 1202 3940; x_wconf 95' lang='lat' dir='ltr'><strong> </strong></span> 
     </span>
    </p>
   </div>
  </div>
 </body>
</html>
