2450 3932
366 243 422 318 lli,
443 240 479 317 4,
503 241 623 318 11-5,
645 241 673 305 7.
987 243 1027 307 la
1122 237 1126 244 ’

107 398 252 474 Bosporos
269 403 300 456 et
312 393 424 456 Tanais
441 403 588 471 superant
603 395 810 474 Scythiaeque
824 397 955 476 paludes

74 495 99 547 11
140 483 197 542 Vix
210 481 285 542 satis
300 485 331 539 et
346 480 409 540 noti
424 478 548 541 nomina
562 496 662 555 pauca
675 480 745 541 loci.

112 566 230 626 Ulterius
244 563 319 624 nihil
334 570 382 624 est
396 564 455 623 nisi
470 581 533 625 non
549 564 714 624 habitabile
729 565 834 639 lrigus.

146 650 208 710 Heu
225 665 317 726 quam
330 648 432 710 vicine
446 654 493 708 est
507 648 611 708 ultima
625 655 707 708 terra
720 649 808 709 mihi!

112 738 145 792 At
157 735 242 809 longe
256 732 354 808 patria
368 739 424 807 est,
439 734 530 806 longe
545 732 705 792 carissima
720 733 861 805 coniunx,

146 816 290 892 Quicquid
304 823 336 876 et
347 816 425 876 haec
441 815 530 876 nobis
546 824 618 891 post
632 817 693 875 duo
709 816 797 876 dulce
813 817 876 878 luit.

78 911 101 960 11
113 901 263 977 8111111111
277 899 355 959 haec
371 901 490 973 adsunt,
506 907 539 960 111
554 915 634 975 quae
650 900 827 974 contingere
840 916 902 960 non
918 908 965 960 cst

146 985 283 1060 Corpore,
301 984 362 1044 sint
375 984 475 1044 animo
492 991 601 1044 cuncta
616 983 750 1044 videnda
764 1000 842 1044 meo.

113 1071 180 1130 hnte
193 1070 301 1130 ocrrlos
319 1075 422 1128 errant
435 1068 555 1142 domus,
572 1066 645 1128 urbs
661 1073 691 1127 et
704 1069 803 1128 torma
815 1069 963 1142 locorum,

145 1152 363 1227 haedumque
376 1153 443 1215 suis
459 1151 581 1226 singula
595 1152 675 1211 lacta
688 1152 776 1212 locis.

114 1237 244 1312 Coniugis
260 1243 331 1296 ante
345 1237 463 1311 oculos,
478 1235 558 1297 sicut
572 1237 753 1311 praesentis,
768 1235 868 1312 imago
885 1243 941 1296 est.

77 1320 101 1376 11
144 1321 192 1380 llla
205 1336 291 1382 meos
308 1335 399 1380 casus
414 1321 562 1395 ingravat,
576 1319 629 1380 illa
642 1321 737 1380 levat:
885 1325 1030 1392 [amorem

113 1405 240 1478 ingravat
258 1404 334 1478 hoc,
357 1405 441 1479 quod
461 1403 557 1464 abest.
593 1403 675 1464 levat
694 1403 768 1479 hoc,
791 1405 875 1479 quod
896 1408 1031 1478 praestat

142 1489 369 1564 inpositumque
385 1488 444 1548 sibi
459 1489 546 1548 lirnra
561 1493 662 1548 tuetur
676 1502 765 1548 onus.

113 1572 169 1632 Vos
184 1588 309 1648 quoque
323 1566 500 1647 pectoribus
516 1571 631 1632 nostris
645 1570 787 1647 haeretis,
803 1571 900 1645 amici,

146 1656 249 1716 Dicere
264 1673 344 1732 quos
359 1656 451 1732 cupio
466 1655 589 1717 nomine
604 1669 758 1731 quemque
769 1669 837 1715 suo.

78 1751 102 1804 11
113 1736 164 1799 Sed
176 1741 263 1802 timor
277 1740 412 1802 officium
432 1747 539 1800 cautus
555 1738 732 1813 compescit,
749 1744 778 1797 et
792 1737 880 1812 ipsos

146 1825 295 1886 innostro
312 1825 385 1899 poni
401 1824 534 1884 carmine
549 1823 631 1882 nolle
646 1827 730 1896 puto.

35 1951 36 1956 1
113 1908 181 1968 Ante
193 1909 353 1983 volebatis,
369 1907 509 1983 gratique
524 1913 590 1966 erat
603 1905 699 1965 instar
713 1903 851 1977 honoris,

148 1993 291 2054 Versibus
306 1993 337 2052 in
352 1993 465 2052 nostris
481 1991 604 2051 nomina
617 1996 721 2049 vestra
735 1989 804 2064 legi.

114 2073 190 2148 Quod
204 2077 348 2152 quoniam
364 2081 413 2136 est
426 2090 551 2150 anceps,
567 2075 644 2134 intra
659 2089 728 2133 oreo
741 2078 868 2148 pectora
880 2087 1033 2149 quemque

77 2161 101 2217 11
143 2161 306 2236 Adloquor,
323 2167 354 2221 et
367 2159 440 2220 nulli
456 2173 551 2220 causa
565 2158 682 2218 timoris
697 2173 760 2218 ero.

112 2241 165 2302 llec
178 2261 262 2305 meus
278 2243 391 2305 indicio
407 2244 559 2304 latitantes
573 2257 684 2302 versus
700 2241 815 2301 anticos

143 2326 297 2390 Protrahit.
322 2330 441 2388 occulte
458 2327 558 2403 siquis
574 2326 703 2398 amabat,
718 2332 808 2384 amet.

109 2407 178 2470 Scite
191 2418 300 2486 tameo,
320 2411 459 2487 quamvis
474 2413 567 2486 longa
580 2409 707 2483 regione
720 2415 855 2468 remotus

145 2493 255 2570 Absim,
270 2512 328 2556 vos
345 2495 445 2556 animo
462 2510 585 2570 semper
598 2493 712 2552 adesse
726 2507 805 2551 meo.

78 2575 142 2636 11131
154 2595 242 2652 quam
258 2580 391 2656 quisque
406 2585 517 2654 potest,
533 2578 635 2651 aliqua
649 2576 730 2636 mala
744 2580 850 2634 nostra
865 2573 973 2644 levate,

146 2660 247 2722 Fidem
262 2663 402 2740 proiecto
419 2679 498 2723 neve
512 2670 622 2738 negate
636 2675 768 2719 murrum.

113 2742 255 2824 Prospera
269 2748 316 2810 sic
331 2757 453 2808 maneat
466 2747 556 2807 vobis
571 2746 702 2816 lachana,
717 2757 776 2804 nec
790 2756 936 2818 umquam

147 2826 279 2891 Contacli
295 2831 385 2890 simili
400 2840 483 2891 sorte
497 2830 612 2904 rogetis
628 2829 718 2887 idem.

70 2953 96 3044 5·
112 2955 188 3054 Usus
204 2997 353 3056 amicitiae
368 3003 467 3057 tecum
483 2997 555 3056 mihi
570 3011 694 3070 parvuS,
709 2999 743 3053 ul
756 2993 837 3052 illam

146 3077 210 3138 Non
226 3095 317 3155 aegre
331 3097 446 3156 posses
461 3080 664 3151 dissimulare,
679 3077 742 3152 luit,

113 3157 143 3218 lli
157 3177 203 3221 me
218 3165 398 3240 complexus
414 3164 521 3224 vinclis
537 3161 734 3238 propioribus
751 3175 841 3220 esses

146 3243 228 3306 Nave
241 3263 309 3308 mea
324 3255 425 3322 venta,
442 3249 557 3320 lorsan,
573 3253 663 3307 eunte
679 3261 747 3306 suo.

35 3321 37 3408 ᾗ
88 3322 144 3385 stit
157 3329 260 3404 cecidi,
276 3333 439 3408 cunctique
453 3338 535 3392 metu
550 3330 656 3405 lugere
669 3327 796 3400 ruinam,

150 3409 310 3490 versaque
325 3417 475 3476 amicitiae
490 3422 575 3488 terga
589 3413 702 3472 dedere
717 3426 813 3482 meae,

115 3493 212 3556 husus
227 3513 260 3558 es
276 3499 347 3574 igne
360 3499 443 3560 lovis
459 3513 643 3576 percussum
657 3504 782 3570 tangere
797 3506 911 3564 corpus
