<?xml version="1.0" encoding="UTF-8"?>
<!DOCTYPE html PUBLIC "-//W3C//DTD XHTML 1.0 Transitional//EN"
    "http://www.w3.org/TR/xhtml1/DTD/xhtml1-transitional.dtd">
<html xmlns="http://www.w3.org/1999/xhtml" xml:lang="en" lang="en">
 <head>
  <title>
</title>
<meta http-equiv="Content-Type" content="text/html;charset=utf-8" />
  <meta name='ocr-system' content='tesseract 3.04.00' />
  <meta name='ocr-capabilities' content='ocr_page ocr_carea ocr_par ocr_line ocrx_word'/>
</head>
<body>
  <div class='ocr_page' id='page_1' title='image "./povidiusnaso00goog_0146.png"; bbox 0 0 2394 3940; ppageno 0'>
   <div class='ocr_carea' id='block_1_1' title="bbox 328 203 1024 282">
    <p class='ocr_par' dir='ltr' id='par_1_1' title="bbox 328 203 1024 282">
     <span class='ocr_line' id='line_1_1' title="bbox 328 203 1024 282; baseline 0.001 -11"><span class='ocrx_word' id='word_1_1' title='bbox 328 205 352 282; x_wconf 89' lang='grc' dir='ltr'>Ι,</span> <span class='ocrx_word' id='word_1_2' title='bbox 374 204 424 282; x_wconf 86' lang='grc'>10,</span> <span class='ocrx_word' id='word_1_3' title='bbox 446 203 568 280; x_wconf 79' lang='lat' dir='ltr'>tlt-11,</span> <span class='ocrx_word' id='word_1_4' title='bbox 590 203 619 282; x_wconf 90' lang='lat'>1,</span> <span class='ocrx_word' id='word_1_5' title='bbox 642 205 694 270; x_wconf 76' lang='lat'>62.</span> <span class='ocrx_word' id='word_1_6' title='bbox 960 205 1024 272; x_wconf 65' lang='lat'>185</span> 
     </span>
    </p>
   </div>
   <div class='ocr_carea' id='block_1_2' title="bbox 41 357 993 1953">
    <p class='ocr_par' dir='ltr' id='par_1_2' title="bbox 41 357 993 1953">
     <span class='ocr_line' id='line_1_2' title="bbox 41 357 798 433; baseline -0.004 -8"><span class='ocrx_word' id='word_1_7' title='bbox 41 363 126 425; x_wconf 75' lang='grc'><strong>1511</strong></span> <span class='ocrx_word' id='word_1_8' title='bbox 139 361 214 424; x_wconf 81' lang='lat' dir='ltr'>nihi</span> <span class='ocrx_word' id='word_1_9' title='bbox 228 358 369 433; x_wconf 84' lang='lat' dir='ltr'>narrasti,</span> <span class='ocrx_word' id='word_1_10' title='bbox 393 374 462 420; x_wconf 82' lang='lat' dir='ltr'>etun</span> <span class='ocrx_word' id='word_1_11' title='bbox 476 357 578 422; x_wconf 86' lang='lat' dir='ltr'>multis</span> <span class='ocrx_word' id='word_1_12' title='bbox 594 358 713 424; x_wconf 89' lang='lat' dir='ltr'>lucibus</span> <span class='ocrx_word' id='word_1_13' title='bbox 729 366 798 424; x_wconf 86' lang='lat' dir='ltr'>ante</span> 
     </span>
     <span class='ocr_line' id='line_1_3' title="bbox 120 441 788 520; baseline 0.003 -14"><span class='ocrx_word' id='word_1_14' title='bbox 120 445 247 508; x_wconf 87' lang='lat' dir='ltr'>Fuderit</span> <span class='ocrx_word' id='word_1_15' title='bbox 260 443 408 506; x_wconf 80' lang='lat' dir='ltr'>assiduas</span> <span class='ocrx_word' id='word_1_16' title='bbox 424 441 545 504; x_wconf 89' lang='lat' dir='ltr'>nubilus</span> <span class='ocrx_word' id='word_1_17' title='bbox 560 450 664 506; x_wconf 88' lang='lat' dir='ltr'>auster</span> <span class='ocrx_word' id='word_1_18' title='bbox 678 461 788 520; x_wconf 86' lang='lat' dir='ltr'>aquas,</span> 
     </span>
     <span class='ocr_line' id='line_1_4' title="bbox 84 525 771 602; baseline 0 -12"><span class='ocrx_word' id='word_1_19' title='bbox 84 531 211 592; x_wconf 87' lang='lat' dir='ltr'>llnmine</span> <span class='ocrx_word' id='word_1_20' title='bbox 224 527 352 590; x_wconf 88' lang='lat' dir='ltr'>caelesti</span> <span class='ocrx_word' id='word_1_21' title='bbox 366 529 465 589; x_wconf 88' lang='lat' dir='ltr'>solem</span> <span class='ocrx_word' id='word_1_22' title='bbox 478 525 605 589; x_wconf 83' lang='lat' dir='ltr'>fulsisse</span> <span class='ocrx_word' id='word_1_23' title='bbox 621 543 771 602; x_wconf 85' lang='lat' dir='ltr'>serenum,</span> 
     </span>
     <span class='ocr_line' id='line_1_5' title="bbox 125 611 714 690; baseline -0.008 -14"><span class='ocrx_word' id='word_1_24' title='bbox 125 616 201 676; x_wconf 80' lang='lat' dir='ltr'>Cum</span> <span class='ocrx_word' id='word_1_25' title='bbox 214 611 324 690; x_wconf 88' lang='lat' dir='ltr'>populi</span> <span class='ocrx_word' id='word_1_26' title='bbox 338 613 424 674; x_wconf 90' lang='lat' dir='ltr'>vultu</span> <span class='ocrx_word' id='word_1_27' title='bbox 438 611 640 673; x_wconf 91' lang='lat' dir='ltr'>conveniente</span> <span class='ocrx_word' id='word_1_28' title='bbox 655 613 714 673; x_wconf 88' lang='lat' dir='ltr'>die.</span> 
     </span>
     <span class='ocr_line' id='line_1_6' title="bbox 85 695 868 774; baseline 0 -16"><span class='ocrx_word' id='word_1_29' title='bbox 85 699 186 774; x_wconf 78' lang='lat' dir='ltr'>Atque</span> <span class='ocrx_word' id='word_1_30' title='bbox 200 699 243 758; x_wconf 93' lang='lat' dir='ltr'>ita</span> <span class='ocrx_word' id='word_1_31' title='bbox 256 696 405 758; x_wconf 89' lang='lat' dir='ltr'>victorem</span> <span class='ocrx_word' id='word_1_32' title='bbox 420 711 489 758; x_wconf 87' lang='lat' dir='ltr'>cum</span> <span class='ocrx_word' id='word_1_33' title='bbox 504 711 633 772; x_wconf 80' lang='lat' dir='ltr'>magnac</span> <span class='ocrx_word' id='word_1_34' title='bbox 648 697 736 758; x_wconf 89' lang='lat' dir='ltr'>vocis</span> <span class='ocrx_word' id='word_1_35' title='bbox 750 695 868 758; x_wconf 88' lang='lat' dir='ltr'>honore</span> 
     </span>
     <span class='ocr_line' id='line_1_7' title="bbox 45 779 723 856; baseline -0.007 -9"><span class='ocrx_word' id='word_1_36' title='bbox 45 791 73 847; x_wconf 81' lang='lat' dir='ltr'>lo</span> <span class='ocrx_word' id='word_1_37' title='bbox 121 783 238 844; x_wconf 83' lang='lat' dir='ltr'><strong>Bellica</strong></span> <span class='ocrx_word' id='word_1_38' title='bbox 252 781 386 844; x_wconf 85' lang='lat' dir='ltr'>laudatis</span> <span class='ocrx_word' id='word_1_39' title='bbox 401 781 483 842; x_wconf 91' lang='lat' dir='ltr'>dona</span> <span class='ocrx_word' id='word_1_40' title='bbox 497 779 625 841; x_wconf 83' lang='lat' dir='ltr'><strong>dedisse</strong></span> <span class='ocrx_word' id='word_1_41' title='bbox 638 780 723 856; x_wconf 91' lang='lat' dir='ltr'>viris,</span> 
     </span>
     <span class='ocr_line' id='line_1_8' title="bbox 86 864 829 944; baseline -0.004 -17"><span class='ocrx_word' id='word_1_42' title='bbox 86 867 233 944; x_wconf 79' lang='lat' dir='ltr'>Claraque</span> <span class='ocrx_word' id='word_1_43' title='bbox 249 873 440 942; x_wconf 90' lang='lat' dir='ltr'>sumpturum</span> <span class='ocrx_word' id='word_1_44' title='bbox 456 864 554 940; x_wconf 89' lang='lat' dir='ltr'>pictas</span> <span class='ocrx_word' id='word_1_45' title='bbox 569 864 700 940; x_wconf 78' lang='lat' dir='ltr'>insignia</span> <span class='ocrx_word' id='word_1_46' title='bbox 714 869 829 941; x_wconf 86' lang='lat' dir='ltr'>vestes,</span> 
     </span>
     <span class='ocr_line' id='line_1_9' title="bbox 123 947 734 1026; baseline 0.002 -17"><span class='ocrx_word' id='word_1_47' title='bbox 123 950 204 1012; x_wconf 86' lang='lat' dir='ltr'>Tura</span> <span class='ocrx_word' id='word_1_48' title='bbox 217 951 305 1026; x_wconf 84' lang='lat' dir='ltr'>prius</span> <span class='ocrx_word' id='word_1_49' title='bbox 320 949 436 1010; x_wconf 89' lang='lat' dir='ltr'>sanctis</span> <span class='ocrx_word' id='word_1_50' title='bbox 452 947 631 1024; x_wconf 82' lang='lat' dir='ltr'>inposuisse</span> <span class='ocrx_word' id='word_1_51' title='bbox 646 948 734 1024; x_wconf 83' lang='lat' dir='ltr'>locis,</span> 
     </span>
     <span class='ocr_line' id='line_1_10' title="bbox 86 1033 777 1111; baseline -0.001 -18"><span class='ocrx_word' id='word_1_52' title='bbox 86 1035 296 1111; x_wconf 81' lang='lat' dir='ltr'>Iustitiamque</span> <span class='ocrx_word' id='word_1_53' title='bbox 310 1034 357 1094; x_wconf 90' lang='lat' dir='ltr'>sui</span> <span class='ocrx_word' id='word_1_54' title='bbox 373 1038 457 1093; x_wconf 89' lang='lat' dir='ltr'>caste</span> <span class='ocrx_word' id='word_1_55' title='bbox 473 1033 618 1108; x_wconf 80' lang='lat' dir='ltr'>placasse</span> <span class='ocrx_word' id='word_1_56' title='bbox 633 1033 777 1108; x_wconf 87' lang='lat' dir='ltr'>parentis,</span> 
     </span>
     <span class='ocr_line' id='line_1_11' title="bbox 125 1116 831 1194; baseline -0.007 -16"><span class='ocrx_word' id='word_1_57' title='bbox 125 1119 179 1182; x_wconf 92' lang='lat' dir='ltr'>lllo</span> <span class='ocrx_word' id='word_1_58' title='bbox 195 1135 276 1194; x_wconf 91' lang='lat' dir='ltr'>quae</span> <span class='ocrx_word' id='word_1_59' title='bbox 292 1119 436 1192; x_wconf 89' lang='lat' dir='ltr'>templum</span> <span class='ocrx_word' id='word_1_60' title='bbox 453 1121 580 1191; x_wconf 80' lang='lat' dir='ltr'>pectore</span> <span class='ocrx_word' id='word_1_61' title='bbox 594 1131 717 1192; x_wconf 83' lang='lat' dir='ltr'>semper</span> <span class='ocrx_word' id='word_1_62' title='bbox 730 1116 831 1180; x_wconf 87' lang='lat' dir='ltr'>habet.</span> 
     </span>
     <span class='ocr_line' id='line_1_12' title="bbox 46 1199 855 1278; baseline -0.006 -13"><span class='ocrx_word' id='word_1_63' title='bbox 46 1211 73 1268; x_wconf 76' lang='lat'>³5</span> <span class='ocrx_word' id='word_1_64' title='bbox 87 1203 211 1278; x_wconf 79' lang='lat' dir='ltr'>Quaque</span> <span class='ocrx_word' id='word_1_65' title='bbox 226 1203 303 1278; x_wconf 85' lang='lat' dir='ltr'>ierit,</span> <span class='ocrx_word' id='word_1_66' title='bbox 324 1200 397 1262; x_wconf 80' lang='lat' dir='ltr'>felix</span> <span class='ocrx_word' id='word_1_67' title='bbox 413 1200 564 1261; x_wconf 88' lang='lat' dir='ltr'>adiectum</span> <span class='ocrx_word' id='word_1_68' title='bbox 580 1199 740 1276; x_wconf 80' lang='lat' dir='ltr'>plausibus</span> <span class='ocrx_word' id='word_1_69' title='bbox 757 1208 855 1274; x_wconf 89' lang='lat' dir='ltr'>omen,</span> 
     </span>
     <span class='ocr_line' id='line_1_13' title="bbox 127 1284 681 1362; baseline -0.007 -14"><span class='ocrx_word' id='word_1_70' title='bbox 127 1286 273 1362; x_wconf 81' lang='lat' dir='ltr'>Saxaque</span> <span class='ocrx_word' id='word_1_71' title='bbox 289 1286 400 1348; x_wconf 89' lang='lat' dir='ltr'>roratis</span> <span class='ocrx_word' id='word_1_72' title='bbox 415 1284 576 1348; x_wconf 87' lang='lat' dir='ltr'>erubuisse</span> <span class='ocrx_word' id='word_1_73' title='bbox 590 1285 681 1346; x_wconf 90' lang='lat' dir='ltr'>rosis.</span> 
     </span>
     <span class='ocr_line' id='line_1_14' title="bbox 87 1369 773 1446; baseline 0 -15"><span class='ocrx_word' id='word_1_74' title='bbox 87 1371 224 1434; x_wconf 84' lang='lat' dir='ltr'>Protinus</span> <span class='ocrx_word' id='word_1_75' title='bbox 240 1377 367 1446; x_wconf 78' lang='lat' dir='ltr'>argento</span> <span class='ocrx_word' id='word_1_76' title='bbox 382 1385 494 1432; x_wconf 89' lang='lat' dir='ltr'>versos</span> <span class='ocrx_word' id='word_1_77' title='bbox 508 1369 655 1430; x_wconf 87' lang='lat' dir='ltr'>imitantia</span> <span class='ocrx_word' id='word_1_78' title='bbox 668 1385 773 1431; x_wconf 89' lang='lat' dir='ltr'>muros</span> 
     </span>
     <span class='ocr_line' id='line_1_15' title="bbox 126 1453 760 1530; baseline 0 -14"><span class='ocrx_word' id='word_1_79' title='bbox 126 1454 264 1516; x_wconf 89' lang='lat' dir='ltr'>Barbara</span> <span class='ocrx_word' id='word_1_80' title='bbox 277 1470 347 1516; x_wconf 85' lang='lat' dir='ltr'>curn</span> <span class='ocrx_word' id='word_1_81' title='bbox 361 1453 453 1530; x_wconf 89' lang='lat' dir='ltr'>pictis</span> <span class='ocrx_word' id='word_1_82' title='bbox 469 1453 587 1529; x_wconf 90' lang='lat' dir='ltr'>oppida</span> <span class='ocrx_word' id='word_1_83' title='bbox 601 1455 662 1516; x_wconf 91' lang='lat' dir='ltr'>lata</span> <span class='ocrx_word' id='word_1_84' title='bbox 676 1454 760 1530; x_wconf 89' lang='lat' dir='ltr'>viris,</span> 
     </span>
     <span class='ocr_line' id='line_1_16' title="bbox 88 1537 881 1615; baseline -0.004 -15"><span class='ocrx_word' id='word_1_85' title='bbox 88 1539 284 1615; x_wconf 76' lang='lat' dir='ltr'>numinaque</span> <span class='ocrx_word' id='word_1_86' title='bbox 299 1547 329 1600; x_wconf 88' lang='lat' dir='ltr'>et</span> <span class='ocrx_word' id='word_1_87' title='bbox 343 1546 463 1600; x_wconf 88' lang='lat' dir='ltr'>montes</span> <span class='ocrx_word' id='word_1_88' title='bbox 478 1545 509 1598; x_wconf 89' lang='lat' dir='ltr'>el</span> <span class='ocrx_word' id='word_1_89' title='bbox 522 1538 553 1598; x_wconf 92' lang='lat' dir='ltr'>in</span> <span class='ocrx_word' id='word_1_90' title='bbox 567 1538 637 1599; x_wconf 89' lang='lat' dir='ltr'>altis</span> <span class='ocrx_word' id='word_1_91' title='bbox 650 1539 770 1614; x_wconf 89' lang='lat' dir='ltr'>proelia</span> <span class='ocrx_word' id='word_1_92' title='bbox 785 1537 881 1614; x_wconf 88' lang='lat' dir='ltr'>silvis,</span> 
     </span>
     <span class='ocr_line' id='line_1_17' title="bbox 49 1622 784 1700; baseline -0.004 -18"><span class='ocrx_word' id='word_1_93' title='bbox 49 1629 77 1682; x_wconf 87' lang='lat' dir='ltr'>lt</span> <span class='ocrx_word' id='word_1_94' title='bbox 124 1625 281 1700; x_wconf 82' lang='lat' dir='ltr'>Armaque</span> <span class='ocrx_word' id='word_1_95' title='bbox 297 1628 365 1685; x_wconf 85' lang='lat' dir='ltr'>cum</span> <span class='ocrx_word' id='word_1_96' title='bbox 381 1622 450 1684; x_wconf 89' lang='lat' dir='ltr'>telis</span> <span class='ocrx_word' id='word_1_97' title='bbox 465 1622 495 1682; x_wconf 91' lang='lat' dir='ltr'>in</span> <span class='ocrx_word' id='word_1_98' title='bbox 512 1622 703 1684; x_wconf 80' lang='lat' dir='ltr'>enneminta</span> <span class='ocrx_word' id='word_1_99' title='bbox 718 1639 784 1684; x_wconf 90' lang='lat' dir='ltr'>sua.</span> 
     </span>
     <span class='ocr_line' id='line_1_18' title="bbox 86 1706 993 1784; baseline -0.002 -16"><span class='ocrx_word' id='word_1_100' title='bbox 86 1709 188 1784; x_wconf 85' lang='lat' dir='ltr'>Deque</span> <span class='ocrx_word' id='word_1_101' title='bbox 202 1715 408 1784; x_wconf 87' lang='lat' dir='ltr'>tropaeorum,</span> <span class='ocrx_word' id='word_1_102' title='bbox 433 1708 518 1783; x_wconf 91' lang='lat' dir='ltr'>quod</span> <span class='ocrx_word' id='word_1_103' title='bbox 533 1707 582 1768; x_wconf 87' lang='lat' dir='ltr'>sol</span> <span class='ocrx_word' id='word_1_104' title='bbox 595 1706 773 1779; x_wconf 84' lang='lat' dir='ltr'>incenderit,</span> <span class='ocrx_word' id='word_1_105' title='bbox 797 1721 872 1767; x_wconf 91' lang='lat' dir='ltr'>auro</span> <span class='ocrx_word' id='word_1_106' title='bbox 991 1707 993 1710; x_wconf 82' lang='grc'><strong>’</strong></span> 
     </span>
     <span class='ocr_line' id='line_1_19' title="bbox 124 1791 659 1854; baseline -0.013 0"><span class='ocrx_word' id='word_1_107' title='bbox 124 1793 226 1854; x_wconf 78' lang='lat' dir='ltr'>Aurea</span> <span class='ocrx_word' id='word_1_108' title='bbox 238 1793 370 1854; x_wconf 85' lang='lat' dir='ltr'>Romani</span> <span class='ocrx_word' id='word_1_109' title='bbox 385 1798 465 1853; x_wconf 89' lang='lat' dir='ltr'>tectu</span> <span class='ocrx_word' id='word_1_110' title='bbox 479 1792 576 1853; x_wconf 85' lang='lat' dir='ltr'>luisse</span> <span class='ocrx_word' id='word_1_111' title='bbox 591 1791 659 1851; x_wconf 86' lang='lat' dir='ltr'>lori.</span> 
     </span>
     <span class='ocr_line' id='line_1_20' title="bbox 88 1872 806 1953; baseline -0.004 -16"><span class='ocrx_word' id='word_1_112' title='bbox 88 1879 200 1953; x_wconf 81' lang='lat' dir='ltr'>Totque</span> <span class='ocrx_word' id='word_1_113' title='bbox 214 1877 325 1940; x_wconf 91' lang='lat' dir='ltr'>tulisse</span> <span class='ocrx_word' id='word_1_114' title='bbox 340 1877 436 1938; x_wconf 87' lang='lat' dir='ltr'>duces</span> <span class='ocrx_word' id='word_1_115' title='bbox 452 1875 583 1951; x_wconf 88' lang='lat' dir='ltr'>captivis</span> <span class='ocrx_word' id='word_1_116' title='bbox 599 1875 703 1935; x_wconf 90' lang='lat' dir='ltr'>addita</span> <span class='ocrx_word' id='word_1_117' title='bbox 718 1872 806 1934; x_wconf 89' lang='lat' dir='ltr'>collis</span> 
     </span>
    </p>
   </div>
   <div class='ocr_carea' id='block_1_3' title="bbox 51 1955 907 2361">
    <p class='ocr_par' dir='ltr' id='par_1_3' title="bbox 51 1955 907 2361">
     <span class='ocr_line' id='line_1_21' title="bbox 125 1955 846 2037; baseline -0.004 -17"><span class='ocrx_word' id='word_1_118' title='bbox 125 1962 263 2037; x_wconf 87' lang='lat' dir='ltr'>Vincula,</span> <span class='ocrx_word' id='word_1_119' title='bbox 284 1976 384 2037; x_wconf 89' lang='lat' dir='ltr'>paene</span> <span class='ocrx_word' id='word_1_120' title='bbox 396 1960 498 2022; x_wconf 86' lang='lat' dir='ltr'>hostis</span> <span class='ocrx_word' id='word_1_121' title='bbox 514 1967 589 2035; x_wconf 88' lang='lat' dir='ltr'>quot</span> <span class='ocrx_word' id='word_1_122' title='bbox 604 1959 679 2020; x_wconf 89' lang='lat' dir='ltr'>satis</span> <span class='ocrx_word' id='word_1_123' title='bbox 695 1973 766 2020; x_wconf 87' lang='lat' dir='ltr'>esse</span> <span class='ocrx_word' id='word_1_124' title='bbox 781 1955 846 2018; x_wconf 81' lang='lat' dir='ltr'>fuit</span> 
     </span>
     <span class='ocr_line' id='line_1_22' title="bbox 51 2042 890 2122; baseline 0.002 -22"><span class='ocrx_word' id='word_1_125' title='bbox 51 2048 78 2100; x_wconf 76' lang='lat' dir='ltr'>le</span> <span class='ocrx_word' id='word_1_126' title='bbox 90 2045 217 2106; x_wconf 85' lang='lat' dir='ltr'>Maxima</span> <span class='ocrx_word' id='word_1_127' title='bbox 231 2061 305 2122; x_wconf 90' lang='lat' dir='ltr'>pars</span> <span class='ocrx_word' id='word_1_128' title='bbox 320 2044 429 2106; x_wconf 88' lang='lat' dir='ltr'>horum</span> <span class='ocrx_word' id='word_1_129' title='bbox 444 2044 536 2104; x_wconf 88' lang='lat' dir='ltr'>vitam</span> <span class='ocrx_word' id='word_1_130' title='bbox 553 2043 735 2118; x_wconf 88' lang='lat' dir='ltr'>veniamque</span> <span class='ocrx_word' id='word_1_131' title='bbox 750 2042 890 2118; x_wconf 83' lang='lat' dir='ltr'>tulerunt,</span> 
     </span>
     <span class='ocr_line' id='line_1_23' title="bbox 125 2126 819 2205; baseline -0.004 -17"><span class='ocrx_word' id='word_1_132' title='bbox 125 2131 160 2188; x_wconf 93' lang='lat' dir='ltr'>ln</span> <span class='ocrx_word' id='word_1_133' title='bbox 175 2129 286 2205; x_wconf 90' lang='lat' dir='ltr'>quibus</span> <span class='ocrx_word' id='word_1_134' title='bbox 302 2136 332 2190; x_wconf 88' lang='lat' dir='ltr'>et</span> <span class='ocrx_word' id='word_1_135' title='bbox 344 2128 417 2190; x_wconf 89' lang='lat' dir='ltr'>belli</span> <span class='ocrx_word' id='word_1_136' title='bbox 431 2145 551 2191; x_wconf 88' lang='lat' dir='ltr'>summa</span> <span class='ocrx_word' id='word_1_137' title='bbox 565 2135 718 2203; x_wconf 84' lang='lat' dir='ltr'>caputque</span> <span class='ocrx_word' id='word_1_138' title='bbox 732 2126 819 2190; x_wconf 89' lang='lat' dir='ltr'>Bato.</span> 
     </span>
     <span class='ocr_line' id='line_1_24' title="bbox 93 2209 907 2290; baseline -0.005 -17"><span class='ocrx_word' id='word_1_139' title='bbox 93 2213 151 2274; x_wconf 83' lang='lat' dir='ltr'>Cur</span> <span class='ocrx_word' id='word_1_140' title='bbox 164 2229 221 2290; x_wconf 82' lang='lat' dir='ltr'>ego</span> <span class='ocrx_word' id='word_1_141' title='bbox 236 2229 337 2290; x_wconf 86' lang='lat' dir='ltr'>posse</span> <span class='ocrx_word' id='word_1_142' title='bbox 352 2228 463 2290; x_wconf 76' lang='lat' dir='ltr'>negem</span> <span class='ocrx_word' id='word_1_143' title='bbox 477 2213 571 2274; x_wconf 90' lang='lat' dir='ltr'>minui</span> <span class='ocrx_word' id='word_1_144' title='bbox 586 2211 658 2272; x_wconf 90' lang='lat' dir='ltr'>mihi</span> <span class='ocrx_word' id='word_1_145' title='bbox 673 2211 806 2275; x_wconf 90' lang='lat' dir='ltr'>numinis</span> <span class='ocrx_word' id='word_1_146' title='bbox 820 2209 907 2283; x_wconf 89' lang='lat' dir='ltr'>iram,</span> 
     </span>
     <span class='ocr_line' id='line_1_25' title="bbox 130 2297 885 2361; baseline -0.004 -3"><span class='ocrx_word' id='word_1_147' title='bbox 130 2298 203 2358; x_wconf 81' lang='lat' dir='ltr'>Cum</span> <span class='ocrx_word' id='word_1_148' title='bbox 218 2298 341 2359; x_wconf 87' lang='lat' dir='ltr'>videam</span> <span class='ocrx_word' id='word_1_149' title='bbox 355 2299 437 2361; x_wconf 88' lang='lat' dir='ltr'>mitis</span> <span class='ocrx_word' id='word_1_150' title='bbox 451 2298 593 2358; x_wconf 88' lang='lat' dir='ltr'>hostibus</span> <span class='ocrx_word' id='word_1_151' title='bbox 609 2312 682 2356; x_wconf 87' lang='lat' dir='ltr'>esse</span> <span class='ocrx_word' id='word_1_152' title='bbox 696 2297 797 2358; x_wconf 83' lang='lat' dir='ltr'>deost</span> <span class='ocrx_word' id='word_1_153' title='bbox 881 2298 885 2313; x_wconf 92' lang='lat'>&#39;</span> 
     </span>
    </p>
   </div>
   <div class='ocr_carea' id='block_1_4' title="bbox 10 2381 1010 3549">
    <p class='ocr_par' dir='ltr' id='par_1_4' title="bbox 10 2381 1010 3549">
     <span class='ocr_line' id='line_1_26' title="bbox 92 2381 832 2455; baseline -0.003 -15"><span class='ocrx_word' id='word_1_154' title='bbox 92 2381 209 2444; x_wconf 86' lang='lat' dir='ltr'>Pertulit</span> <span class='ocrx_word' id='word_1_155' title='bbox 222 2382 273 2443; x_wconf 91' lang='lat' dir='ltr'>hic</span> <span class='ocrx_word' id='word_1_156' title='bbox 287 2383 369 2444; x_wconf 89' lang='lat' dir='ltr'>idem</span> <span class='ocrx_word' id='word_1_157' title='bbox 384 2382 483 2455; x_wconf 91' lang='lat' dir='ltr'>nobis,</span> <span class='ocrx_word' id='word_1_158' title='bbox 508 2381 696 2452; x_wconf 86' lang='lat' dir='ltr'>Germanice,</span> <span class='ocrx_word' id='word_1_159' title='bbox 718 2395 832 2454; x_wconf 90' lang='lat' dir='ltr'>rumor,</span> 
     </span>
     <span class='ocr_line' id='line_1_27' title="bbox 55 2463 719 2544; baseline -0.009 -17"><span class='ocrx_word' id='word_1_160' title='bbox 55 2473 82 2527; x_wconf 80' lang='lat'>50</span> <span class='ocrx_word' id='word_1_161' title='bbox 131 2466 251 2544; x_wconf 84' lang='lat' dir='ltr'>Oppida</span> <span class='ocrx_word' id='word_1_162' title='bbox 265 2466 324 2528; x_wconf 86' lang='lat' dir='ltr'>sub</span> <span class='ocrx_word' id='word_1_163' title='bbox 337 2467 423 2528; x_wconf 89' lang='lat' dir='ltr'>titulo</span> <span class='ocrx_word' id='word_1_164' title='bbox 438 2464 570 2528; x_wconf 88' lang='lat' dir='ltr'>nominis</span> <span class='ocrx_word' id='word_1_165' title='bbox 587 2464 651 2524; x_wconf 85' lang='lat' dir='ltr'>isse</span> <span class='ocrx_word' id='word_1_166' title='bbox 666 2463 719 2524; x_wconf 87' lang='lat' dir='ltr'>tui.</span> 
     </span>
     <span class='ocr_line' id='line_1_28' title="bbox 93 2545 870 2625; baseline -0.005 -15"><span class='ocrx_word' id='word_1_167' title='bbox 93 2553 189 2625; x_wconf 84' lang='lat' dir='ltr'>Atque</span> <span class='ocrx_word' id='word_1_168' title='bbox 203 2567 241 2612; x_wconf 87' lang='lat' dir='ltr'>ea</span> <span class='ocrx_word' id='word_1_169' title='bbox 255 2559 285 2612; x_wconf 90' lang='lat' dir='ltr'>te</span> <span class='ocrx_word' id='word_1_170' title='bbox 300 2558 405 2611; x_wconf 90' lang='lat' dir='ltr'>contra</span> <span class='ocrx_word' id='word_1_171' title='bbox 419 2567 477 2611; x_wconf 93' lang='lat' dir='ltr'>nec</span> <span class='ocrx_word' id='word_1_172' title='bbox 492 2549 569 2609; x_wconf 89' lang='lat' dir='ltr'>muri</span> <span class='ocrx_word' id='word_1_173' title='bbox 584 2549 674 2622; x_wconf 89' lang='lat' dir='ltr'>molo,</span> <span class='ocrx_word' id='word_1_174' title='bbox 696 2561 754 2606; x_wconf 89' lang='lat' dir='ltr'>nec</span> <span class='ocrx_word' id='word_1_175' title='bbox 768 2545 870 2618; x_wconf 75' lang='lat' dir='ltr'>antris,</span> 
     </span>
     <span class='ocr_line' id='line_1_29' title="bbox 131 2630 696 2710; baseline -0.011 -16"><span class='ocrx_word' id='word_1_176' title='bbox 131 2635 192 2696; x_wconf 84' lang='lat' dir='ltr'>Nec</span> <span class='ocrx_word' id='word_1_177' title='bbox 207 2635 283 2697; x_wconf 86' lang='lat' dir='ltr'>satis</span> <span class='ocrx_word' id='word_1_178' title='bbox 298 2634 420 2710; x_wconf 83' lang='lat' dir='ltr'>ingenio</span> <span class='ocrx_word' id='word_1_179' title='bbox 436 2640 500 2695; x_wconf 88' lang='lat' dir='ltr'>tuta</span> <span class='ocrx_word' id='word_1_180' title='bbox 515 2633 612 2694; x_wconf 90' lang='lat' dir='ltr'>luisse</span> <span class='ocrx_word' id='word_1_181' title='bbox 626 2630 696 2692; x_wconf 91' lang='lat' dir='ltr'>loci.</span> 
     </span>
     <span class='ocr_line' id='line_1_30' title="bbox 10 2718 820 2789; baseline -0.005 -11"><span class='ocrx_word' id='word_1_182' title='bbox 10 2765 11 2768; x_wconf 63' lang='lat'>,</span> <span class='ocrx_word' id='word_1_183' title='bbox 92 2718 126 2783; x_wconf 84' lang='lat' dir='ltr'>Di</span> <span class='ocrx_word' id='word_1_184' title='bbox 140 2719 190 2779; x_wconf 90' lang='lat' dir='ltr'>tibi</span> <span class='ocrx_word' id='word_1_185' title='bbox 205 2719 279 2779; x_wconf 92' lang='lat' dir='ltr'>dent</span> <span class='ocrx_word' id='word_1_186' title='bbox 294 2725 408 2778; x_wconf 90' lang='lat' dir='ltr'>annos!</span> <span class='ocrx_word' id='word_1_187' title='bbox 430 2725 489 2778; x_wconf 91' lang='lat' dir='ltr'>ate</span> <span class='ocrx_word' id='word_1_188' title='bbox 505 2733 575 2779; x_wconf 87' lang='lat' dir='ltr'>nam</span> <span class='ocrx_word' id='word_1_189' title='bbox 590 2722 692 2777; x_wconf 90' lang='lat' dir='ltr'>cetera</span> <span class='ocrx_word' id='word_1_190' title='bbox 707 2729 820 2789; x_wconf 87' lang='lat' dir='ltr'>sumes,</span> 
     </span>
     <span class='ocr_line' id='line_1_31' title="bbox 131 2801 775 2879; baseline -0.006 -17"><span class='ocrx_word' id='word_1_191' title='bbox 131 2801 195 2863; x_wconf 86' lang='lat' dir='ltr'>Sint</span> <span class='ocrx_word' id='word_1_192' title='bbox 207 2803 302 2864; x_wconf 89' lang='lat' dir='ltr'>modo</span> <span class='ocrx_word' id='word_1_193' title='bbox 318 2802 419 2863; x_wconf 83' lang='lat' dir='ltr'>virtuti</span> <span class='ocrx_word' id='word_1_194' title='bbox 432 2809 572 2879; x_wconf 87' lang='lat' dir='ltr'>tempora</span> <span class='ocrx_word' id='word_1_195' title='bbox 589 2802 681 2876; x_wconf 81' lang='lat' dir='ltr'>longa</span> <span class='ocrx_word' id='word_1_196' title='bbox 695 2808 775 2860; x_wconf 75' lang='lat' dir='ltr'>tuae,</span> 
     </span>
     <span class='ocr_line' id='line_1_32' title="bbox 55 2883 1010 2962; baseline 0 -18"><span class='ocrx_word' id='word_1_197' title='bbox 55 2885 177 2958; x_wconf 73' lang='grc'><strong>119101</strong></span> <span class='ocrx_word' id='word_1_198' title='bbox 192 2901 313 2962; x_wconf 89' lang='lat' dir='ltr'>precor,</span> <span class='ocrx_word' id='word_1_199' title='bbox 336 2887 467 2947; x_wconf 89' lang='lat' dir='ltr'>eveniet.</span> <span class='ocrx_word' id='word_1_200' title='bbox 500 2886 578 2948; x_wconf 86' lang='lat' dir='ltr'>Sunt</span> <span class='ocrx_word' id='word_1_201' title='bbox 592 2885 738 2960; x_wconf 88' lang='lat' dir='ltr'>quiddam</span> <span class='ocrx_word' id='word_1_202' title='bbox 753 2883 878 2944; x_wconf 85' lang='lat' dir='ltr'>oracula</span> <span class='ocrx_word' id='word_1_203' title='bbox 894 2887 1010 2944; x_wconf 87' lang='lat' dir='ltr'>vatum.</span> 
     </span>
     <span class='ocr_line' id='line_1_33' title="bbox 131 2965 811 3047; baseline -0.003 -19"><span class='ocrx_word' id='word_1_204' title='bbox 131 2969 205 3028; x_wconf 89' lang='lat' dir='ltr'>Nam</span> <span class='ocrx_word' id='word_1_205' title='bbox 219 2970 299 3031; x_wconf 88' lang='lat' dir='ltr'>deus</span> <span class='ocrx_word' id='word_1_206' title='bbox 316 2965 432 3046; x_wconf 84' lang='lat' dir='ltr'>optanti</span> <span class='ocrx_word' id='word_1_207' title='bbox 448 2985 600 3047; x_wconf 89' lang='lat' dir='ltr'>prospera</span> <span class='ocrx_word' id='word_1_208' title='bbox 614 2969 703 3044; x_wconf 84' lang='lat' dir='ltr'>signa</span> <span class='ocrx_word' id='word_1_209' title='bbox 718 2967 811 3028; x_wconf 89' lang='lat' dir='ltr'>dedit.</span> 
     </span>
     <span class='ocr_line' id='line_1_34' title="bbox 92 3051 910 3130; baseline 0.005 -20"><span class='ocrx_word' id='word_1_210' title='bbox 92 3051 132 3112; x_wconf 82' lang='lat' dir='ltr'>Te</span> <span class='ocrx_word' id='word_1_211' title='bbox 147 3070 270 3129; x_wconf 88' lang='lat' dir='ltr'>quoque</span> <span class='ocrx_word' id='word_1_212' title='bbox 285 3056 433 3116; x_wconf 90' lang='lat' dir='ltr'>victorem</span> <span class='ocrx_word' id='word_1_213' title='bbox 446 3055 594 3130; x_wconf 86' lang='lat' dir='ltr'>Tarpeias</span> <span class='ocrx_word' id='word_1_214' title='bbox 609 3052 761 3114; x_wconf 84' lang='lat' dir='ltr'>scandere</span> <span class='ocrx_word' id='word_1_215' title='bbox 775 3051 806 3112; x_wconf 92' lang='lat' dir='ltr'>in</span> <span class='ocrx_word' id='word_1_216' title='bbox 821 3066 910 3114; x_wconf 85' lang='lat' dir='ltr'>arces</span> 
     </span>
     <span class='ocr_line' id='line_1_35' title="bbox 130 3136 751 3212; baseline -0.003 -15"><span class='ocrx_word' id='word_1_217' title='bbox 130 3136 222 3198; x_wconf 87' lang='lat' dir='ltr'>Laeta</span> <span class='ocrx_word' id='word_1_218' title='bbox 238 3140 394 3202; x_wconf 87' lang='lat' dir='ltr'>coronatis</span> <span class='ocrx_word' id='word_1_219' title='bbox 409 3139 506 3200; x_wconf 86' lang='lat' dir='ltr'>Roma</span> <span class='ocrx_word' id='word_1_220' title='bbox 521 3137 638 3198; x_wconf 91' lang='lat' dir='ltr'>videbit</span> <span class='ocrx_word' id='word_1_221' title='bbox 652 3138 751 3212; x_wconf 90' lang='lat' dir='ltr'>equis.</span> 
     </span>
     <span class='ocr_line' id='line_1_36' title="bbox 92 3219 793 3299; baseline 0.004 -20"><span class='ocrx_word' id='word_1_222' title='bbox 92 3219 290 3298; x_wconf 82' lang='lat' dir='ltr'>idaturosque</span> <span class='ocrx_word' id='word_1_223' title='bbox 304 3223 468 3299; x_wconf 85' lang='lat' dir='ltr'>paternali</span> <span class='ocrx_word' id='word_1_224' title='bbox 484 3221 636 3299; x_wconf 88' lang='lat' dir='ltr'>spectabit</span> <span class='ocrx_word' id='word_1_225' title='bbox 648 3221 793 3294; x_wconf 86' lang='lat' dir='ltr'>bonores,</span> 
     </span>
     <span class='ocr_line' id='line_1_37' title="bbox 54 3302 829 3384; baseline -0.004 -19"><span class='ocrx_word' id='word_1_226' title='bbox 54 3309 82 3365; x_wconf 81' lang='lat' dir='ltr'>tt</span> <span class='ocrx_word' id='word_1_227' title='bbox 133 3302 249 3367; x_wconf 86' lang='lat' dir='ltr'>Gaudia</span> <span class='ocrx_word' id='word_1_228' title='bbox 264 3306 449 3384; x_wconf 87' lang='lat' dir='ltr'>percipiens,</span> <span class='ocrx_word' id='word_1_229' title='bbox 473 3323 553 3382; x_wconf 87' lang='lat' dir='ltr'>quae</span> <span class='ocrx_word' id='word_1_230' title='bbox 569 3304 655 3367; x_wconf 85' lang='lat' dir='ltr'>dedit</span> <span class='ocrx_word' id='word_1_231' title='bbox 668 3306 737 3382; x_wconf 89' lang='lat' dir='ltr'>ipse</span> <span class='ocrx_word' id='word_1_232' title='bbox 752 3302 829 3367; x_wconf 89' lang='lat' dir='ltr'>suis.</span> 
     </span>
     <span class='ocr_line' id='line_1_38' title="bbox 91 3388 924 3466; baseline 0.001 -19"><span class='ocrx_word' id='word_1_233' title='bbox 91 3388 155 3448; x_wconf 90' lang='lat' dir='ltr'>Iam</span> <span class='ocrx_word' id='word_1_234' title='bbox 168 3405 248 3452; x_wconf 90' lang='lat' dir='ltr'>nunc</span> <span class='ocrx_word' id='word_1_235' title='bbox 262 3390 340 3453; x_wconf 90' lang='lat' dir='ltr'>haec</span> <span class='ocrx_word' id='word_1_236' title='bbox 356 3407 446 3464; x_wconf 88' lang='lat' dir='ltr'>ame,</span> <span class='ocrx_word' id='word_1_237' title='bbox 470 3391 614 3452; x_wconf 89' lang='lat' dir='ltr'>iuvenum</span> <span class='ocrx_word' id='word_1_238' title='bbox 631 3389 773 3466; x_wconf 88' lang='lat' dir='ltr'>belloque</span> <span class='ocrx_word' id='word_1_239' title='bbox 787 3401 924 3464; x_wconf 81' lang='lat' dir='ltr'>togaque</span> 
     </span>
     <span class='ocr_line' id='line_1_39' title="bbox 131 3470 736 3549; baseline 0 -17"><span class='ocrx_word' id='word_1_240' title='bbox 131 3470 271 3549; x_wconf 86' lang='lat' dir='ltr'>Maxime,</span> <span class='ocrx_word' id='word_1_241' title='bbox 292 3473 373 3535; x_wconf 91' lang='lat' dir='ltr'>dicta</span> <span class='ocrx_word' id='word_1_242' title='bbox 388 3475 442 3538; x_wconf 89' lang='lat' dir='ltr'>tibi</span> <span class='ocrx_word' id='word_1_243' title='bbox 456 3475 640 3537; x_wconf 86' lang='lat' dir='ltr'>vaticinante</span> <span class='ocrx_word' id='word_1_244' title='bbox 654 3482 736 3536; x_wconf 89' lang='lat' dir='ltr'>nota.</span> 
     </span>
    </p>
   </div>
   <div class='ocr_carea' id='block_1_5' title="bbox 0 0 1202 3940">
    <p class='ocr_par' dir='ltr' id='par_1_5' title="bbox 0 0 1202 3940">
     <span class='ocr_line' id='line_1_40' title="bbox 0 0 1202 3940; baseline 0 0"><span class='ocrx_word' id='word_1_245' title='bbox 0 0 1202 3940; x_wconf 95' lang='lat' dir='ltr'> </span> 
     </span>
    </p>
   </div>
  </div>
 </body>
</html>
