2372 3928
201 239 259 303 198
598 233 658 291 EX
678 231 826 294 Paulo

316 392 389 452 Tam
404 389 491 449 miles
507 387 616 448 Graios
630 385 744 446 indicat
759 399 831 445 5555
845 384 943 446 viros.

279 477 360 538 Gens
375 489 445 533 mea
458 470 573 546 Peligni
587 470 736 545 regioque
750 468 921 530 domestica
937 467 1039 530 Sulmo

236 574 270 626 5ο
320 560 385 620 Non
401 555 498 632 potuit
512 555 625 617 nostris
639 555 737 614 lenior
752 569 823 613 asse
838 554 936 614 malis.

282 644 375 718 Quem
391 642 443 699 vix
457 639 602 700 ineolumi
617 638 759 715 cuiquam
774 638 925 712 salvoque
940 637 1048 699 daretis

322 727 351 786 ls
368 727 458 785 datus
473 741 492 784 a
505 722 595 784 vobis
611 729 658 782 est
673 721 745 781 milu
759 737 858 798 nuper
872 722 979 783 honor.

282 811 374 872 Solus
389 807 490 870 adhue
505 823 563 884 ego
579 824 647 867 sum
666 807 777 866 vestris
792 805 923 866 inmunis
938 806 968 866 in
983 805 1048 879 oris,

322 890 477 969 Exceptis,
499 891 580 968 siqui
595 905 721 951 manem
736 890 817 964 legis
827 889 950 969 habent.

237 991 270 1043 55
282 980 433 1054 Tempora
447 984 568 1038 saerata
581 991 649 1036 mea
665 982 736 1036 sunt
751 975 850 1034 velata
864 989 986 1050 corona,

323 1061 465 1124 Publicus
480 1061 574 1122 invito
591 1076 682 1136 quam
697 1059 786 1118 lavor
799 1059 944 1134 inposuit.

283 1149 378 1223 Quam
393 1153 479 1222 grata
495 1153 542 1206 est
556 1145 646 1220 igitur
659 1144 794 1204 Latonae
807 1143 894 1203 Delia
909 1143 1007 1216 tellus,

324 1231 442 1290 Errantl
457 1237 552 1294 lutam
568 1244 648 1304 quae
663 1228 747 1288 dedit
761 1244 821 1288 una
836 1229 945 1303 locum,

282 1317 356 1375 ‘l'am
371 1313 443 1372 milii
459 1329 532 1374 cara
545 1314 657 1373 Tomis.
692 1313 791 1388 patria
807 1328 887 1386 quae
901 1312 977 1372 sede
990 1311 1091 1386 fugatis

238 1407 273 1460 60
324 1398 458 1472 Tempus
474 1397 514 1457 ad
529 1397 588 1456 hoa
603 1395 692 1457 nobis
710 1397 832 1472 hospita
847 1395 910 1456 tilla
923 1403 1032 1456 manet.

285 1481 321 1542 Di
336 1482 428 1542 modo
445 1482 600 1552 fecissent
625 1481 765 1556 placidae
779 1497 868 1558 spem
882 1486 992 1556 posset
1004 1478 1102 1540 hahere

325 1567 421 1639 Pacis,
442 1574 472 1627 et
487 1582 505 1626 a
519 1566 621 1641 gelido
638 1565 758 1640 longius
774 1579 832 1625 axe
848 1566 935 1626 ioret.

208 1752 271 1847 li.
328 1785 474 1848 suxro
496 1783 710 1846 rounam.

286 1865 394 1980 Siquis
410 1904 510 1965 adhuc
526 1921 656 1979 usquam
671 1906 767 1966 nostri
782 1920 843 1977 non
857 1904 1005 1966 inmemor
1018 1906 1097 1974 exat,

329 1989 446 2062 Quidve
461 1991 613 2065 relegatus
628 1989 721 2062 Naso,
743 1989 877 2063 requirit,
898 2003 1002 2063 agam:

287 2072 468 2132 Caesaribus
483 2074 584 2144 vitam,
604 2073 699 2132 Sexto
715 2072 828 2133 debere
843 2073 973 2133 salutem

327 2155 377 2215 llle
393 2155 478 2215 sciat.
511 2173 530 2215 a
545 2157 666 2230 superis
682 2157 732 2216 hic
746 2157 819 2216 mihi
833 2153 953 2233 primus’
967 2155 1030 2215 erit.

262 2240 439 2313 5Tempora
455 2255 523 2304 nant
540 2240 671 2300 miserae
686 2243 872 2316 complectar
885 2249 919 2301 ut
933 2240 1033 2301 omnia
1045 2238 1121 2306 vitae,

328 2324 356 2381 Α
371 2323 485 2383 maritis
500 2323 566 2383 aius
583 2340 655 2399 pars
672 2325 744 2385 mihi
758 2326 843 2386 nulla
856 2331 954 2386 vacat.

289 2407 372 2481 Quae
387 2423 513 2468 numero
528 2415 574 2470 tot
589 2415 668 2484 sunt,
692 2417 768 2482 quot
781 2410 811 2468 in
826 2409 915 2470 horto
932 2409 1036 2470 lenitis
1049 2407 1106 2468 arvi

328 2492 442 2551 Punica
457 2491 514 2552 sub
530 2495 612 2553 lento
628 2493 742 2553 cortice
757 2489 853 2568 35555
867 2492 987 2567 rubent

287 2575 392 2662 africa
408 2582 483 2650 quot
497 2583 629 2651 5535555,
654 2583 728 2653 quot
742 2578 859 2638 Tmolia
873 2585 955 2638 terra
969 2591 1109 2648 racemos,

244 2671 277 2722 10
331 2659 409 2732 Quot
424 2659 539 2735 Sicyon
554 2660 658 2732 bacas,
681 2668 756 2736 quot
770 2663 850 2737 parit
861 2661 965 2740 Hybla
979 2662 1075 2722 lavas.

288 2741 451 2802 Confiteor.
483 2749 596 2804 testere
611 2744 690 2804 licet.
725 2744 845 2820 signate
859 2745 1006 2820 Quirites:

328 2826 373 2885 Nil
390 2842 469 2900 opus
484 2833 532 2886 est
545 2828 647 2903 legum
661 2829 788 2905 virinus,
809 2831 879 2905 ipse
894 2830 1020 2906 loquor:

287 2909 368 2968 lnter
382 2925 459 2985 opes
475 2917 505 2971 et
517 2926 574 2985 me,
595 2928 660 2972 rem
675 2929 812 2989 parvam,
836 2929 918 2990 pone
934 2921 1089 2989 paternas:
1168 2981 1169 3000 χ

328 2993 400 3053 Pars
416 3010 473 3069 535
490 2994 546 3054 sim
563 3011 674 3057 census
690 2999 970 3073 quantulacumque
983 2999 1036 3058 tul.

246 3085 276 3137 ta
289 3075 384 3150 Quam
398 3084 452 3138 tua
465 3079 620 3140 Trinacria
634 3089 689 3156 est,
712 3089 902 3158 regnataque
917 3089 1000 3142 terra
1012 3080 1144 3155 Philippo,

329 3161 423 3233 Quam
439 3163 549 3224 domus
564 3165 704 3240 Augusto
721 3167 896 3226 conlinuala
911 3167 989 3240 loro,

288 3244 383 3319 Quam
396 3255 455 3319 tua,
479 3264 532 3309 rus
548 3251 645 3310 oculis
661 3250 785 3324 domini,
809 3248 985 3326 Campania,
1004 3254 1122 3325 gratum,

329 3329 475 3408 Quaeque
491 3332 597 3393 relicta
610 3332 672 3408 tibi,
695 3331 797 3407 Sexte,
820 3336 871 3394 vel
886 3341 991 3409 empta
1006 3341 1105 3392 tenca:

286 3413 359 3473 Tam
374 3422 444 3476 tuus
460 3431 499 3475 en
514 3432 571 3492 535
587 3433 664 3492 sum,
687 3418 774 3478 cuius
788 3412 819 3478 t'e
833 3433 959 3478 munere
974 3417 1052 3478 tristi

241 3505 276 3555 lo
325 3497 393 3558 ilon
411 3507 500 3574 potes
515 3500 544 3557 in
560 3500 657 3560 Ponto
673 3503 775 3562 dicere
790 3501 903 3562 habere
919 3502 1004 3562 nihil.

288 3585 389 3655 Atque
404 3583 518 3642 utinam
534 3585 646 3660 possis,
668 3593 698 3647 et
712 3586 800 3646 delur
814 3585 940 3646 amicius
956 3603 1074 3656 artium.
