2372 3928
329 243 387 312 tv,
409 237 446 316 4,
468 238 587 315 21-5,
609 242 660 304 43.

124 396 157 457 ut
168 395 257 455 maris
272 393 349 454 lonii
364 392 544 454 transieritis
560 407 668 468 aquas,

91 481 160 540 Luae
173 477 269 540 minus
285 477 405 538 deoima
419 477 573 537 dominam
586 477 716 538 venietis
731 478 760 538 in
775 479 896 558 Urbem,

20 569 21 578 ’
123 561 158 623 Ut
170 561 341 622 festinatum
354 575 416 621 non
431 561 548 622 iacietis
563 561 629 621 iter.

91 645 212 706 Protinus
226 643 299 705 inde
313 645 424 704 domus
438 644 529 705 vobis
541 643 687 720 Pompeia
701 651 828 722 petatur.

60 735 81 786 tt
123 728 182 790 Non
195 735 241 789 est
253 729 396 803 Augusto
412 727 540 788 iunctior
554 729 616 788 ulla
630 730 707 789 ioro.

92 810 194 887 Siquis,
209 818 240 872 ut
255 811 285 870 in
299 812 432 887 populo,
449 811 500 886 qui
514 811 597 883 sitis,
614 818 644 871 et
658 813 753 886 unde,
769 815 912 890 requiret,

123 894 242 955 Nomina
257 895 389 970 deceptu
402 893 557 968 quaelibet
570 910 644 954 aure
658 896 743 957 ierat.

91 978 122 1039 Ut
133 979 168 1039 sit
179 979 258 1038 enim
271 984 382 1050 tutum,
398 977 478 1038 sieut
490 992 561 1038 reor
574 993 660 1053 esse,
675 979 771 1055 fateri,

123 1061 218 1122 Verba
231 1061 334 1123 minus
349 1069 431 1122 rerte
445 1061 517 1122 fleta
531 1061 647 1122 timoris
663 1061 783 1124 habent.

58 1153 81 1205 ιι
93 1146 171 1220 Copia
183 1160 239 1206 nee
253 1144 344 1207 vohis
362 1146 424 1207 uilo
439 1143 620 1221 prohibente
634 1146 759 1208 videndi

124 1229 272 1302 consulis,
288 1237 320 1290 ut
333 1229 425 1290 limen
440 1227 641 1305 contigeritis,
658 1229 722 1291 erit.

91 1314 140 1373 Aut
151 1320 232 1388 reget
245 1314 298 1373 ille
312 1329 390 1374 suos
401 1312 532 1373 dicendo
547 1313 614 1372 iura
628 1313 768 1387 Quirites,

123 1396 320 1473 conspicuum
334 1395 432 1472 signis
446 1411 515 1457 eum
531 1402 648 1472 premet
661 1397 741 1459 altus
753 1399 843 1459 ebuis

90 1482 141 1540 Aut
153 1481 255 1555 populi
268 1481 386 1541 reditus
401 1479 534 1557 positam
548 1487 712 1556 componet
725 1481 766 1541 ad
781 1481 909 1558 hastam,

55 1573 79 1626 tt
118 1563 151 1624 Et
162 1563 255 1624 minui
268 1579 398 1639 magnae
412 1580 473 1624 non
489 1563 568 1624 sinet
581 1562 673 1624 Urbis
688 1579 782 1640 opes=

90 1649 151 1719 hut,
164 1654 195 1707 ui
209 1655 298 1708 erunt
314 1654 416 1724 patres
431 1647 461 1706 in
475 1647 550 1708 iulia
563 1649 677 1724 templa
689 1648 800 1723 vorati,

121 1731 160 1791 De
174 1737 255 1792 tanto
271 1731 373 1807 dignis
389 1731 517 1792 consule
531 1730 624 1791 rebus
640 1739 724 1806 aget:

90 1817 140 1874 hut
152 1814 224 1875 ieret
237 1816 377 1890 Augusto
393 1814 514 1875 solitam
528 1821 662 1890 natoque
677 1815 813 1888 salutem,

121 1899 219 1974 Deque
235 1915 343 1974 parum
357 1904 432 1958 noto
444 1898 584 1959 consulet
597 1898 711 1958 oifieio.

56 1979 202 2056 biempus
221 1981 260 2041 ab
274 1981 323 2043 his
337 1995 468 2042 vaenum
483 1979 596 2042 caesar
611 1980 809 2042 Germanicus
825 1997 915 2042 omne

121 2065 249 2126 Auferet.
279 2081 297 2125 a
311 2064 431 2140 magnis
445 2065 527 2125 huno
542 2065 614 2127 colit
627 2065 679 2125 ilie
693 2064 771 2126 deis.

91 2146 149 2208 Cum
162 2155 262 2210 mmen
277 2165 296 2209 a
311 2148 399 2210 turba
412 2164 514 2210 rerum
527 2148 711 2224 requieverit
724 2148 840 2224 hurum,

120 2231 164 2292 Ad
177 2249 237 2293 vos
251 2239 428 2295 mansuetas
443 2231 578 2308 porriget
592 2233 643 2293 iile
661 2249 785 2294 manus:

91 2313 214 2390 Quidque
230 2333 342 2392 parens
357 2330 416 2390 ego
432 2321 534 2376 vester
547 2331 650 2391 agam,
666 2317 797 2377 sortasse
810 2318 953 2392 requiret.

55 2406 79 2460 to
120 2399 196 2460 Talia
209 2415 269 2460 vos
283 2400 325 2460 iiii
340 2399 470 2460 reddere
484 2399 580 2459 verba
592 2400 699 2459 velina

90 2482 172 2544 ‘Vivit
187 2482 290 2558 adhue
304 2485 460 2559 vitamque
474 2483 526 2545 tibi
542 2482 656 2543 debere
670 2484 787 2555 iatetur,

121 2565 210 2639 Quom
226 2568 312 2646 prius
327 2584 346 2628 a
359 2567 422 2630 miti
438 2567 569 2629 Caesare
584 2581 694 2627 munus
709 2564 815 2626 habet:

88 2647 121 2707 Te
133 2649 202 2725 sibi,
218 2667 289 2712 eum
302 2653 435 2726 ingeret,
450 2651 577 2712 memori
592 2650 671 2711 solet
685 2664 739 2709 ore
752 2649 866 2710 reterre

118 2731 278 2796 Barbariae
290 2741 372 2796 tutas
388 2733 565 2796 exhibuisse
582 2734 660 2795 visse

54 2813 226 2892 bsanguine
240 2818 411 2880 Bistonium
426 2818 509 2893 quod
524 2833 586 2878 non
600 2816 778 2893 tepefecerit
791 2831 906 2892 ensem,

118 2899 261 2962 Effectum
277 2919 351 2964 eura
366 2903 500 2978 peotoris
515 2917 586 2962 esse
600 2902 659 2961 tui·
749 2937 750 2942 κ

85 2983 188 3044 Addita
201 2993 361 3060 praeterea
374 2987 455 3048 vitae
471 3000 594 3061 quoque
609 2985 702 3044 multa
715 2983 846 3070 tuendae

18 3129 19 3134 ,
118 3066 254 3143 Munera,
270 3087 309 3132 ne
323 3070 466 3147 proprias
482 3075 650 3129 attenuaret
664 3081 752 3142 opes.

84 3146 133 3209 Pro
148 3152 257 3225 quibus
272 3161 304 3214 ut
318 3152 433 3214 meritis
448 3153 596 3213 referatur
608 3151 718 3226 gratia,
735 3149 813 3211 iurat

18 3215 74 3284 4⁰
117 3231 155 3294 Se
170 3234 235 3296 iore
248 3237 403 3313 mancipio
417 3236 560 3312 tempus·
552 3253 582 3295 ιιι
595 3250 684 3296 omne
699 3241 792 3294 tuum.

18 3319 19 3372 1
81 3310 147 3376 Num
163 3319 249 3393 prius
263 3321 412 3383 umbrosa
426 3321 574 3381 carituros
589 3320 700 3380 arbore
713 3324 841 3390 montes,

18 3439 20 3528 ἱ
113 3397 150 3460 Et
162 3401 238 3464 heta
251 3405 402 3466 velivolas
417 3420 478 3465 non
493 3403 632 3464 habitura
645 3409 736 3478 rates,

79 3478 293 3562 Fluminaque
285 3506 316 3550 ιιι
333 3490 432 3550 tontes
448 3503 539 3550 eursu
553 3485 689 3549 reditura
703 3482 825 3560 supino,

18 3807 29 3895 ‘t
