<?xml version="1.0" encoding="UTF-8"?>
<!DOCTYPE html PUBLIC "-//W3C//DTD XHTML 1.0 Transitional//EN"
    "http://www.w3.org/TR/xhtml1/DTD/xhtml1-transitional.dtd">
<html xmlns="http://www.w3.org/1999/xhtml" xml:lang="en" lang="en">
 <head>
  <title>
</title>
<meta http-equiv="Content-Type" content="text/html;charset=utf-8" />
  <meta name='ocr-system' content='tesseract 3.04.00' />
  <meta name='ocr-capabilities' content='ocr_page ocr_carea ocr_par ocr_line ocrx_word'/>
</head>
<body>
  <div class='ocr_page' id='page_1' title='image "./povidiusnaso00goog_0135.png"; bbox 0 0 2394 3940; ppageno 0'>
   <div class='ocr_carea' id='block_1_1' title="bbox 9 187 11 304">
    <p class='ocr_par' dir='ltr' id='par_1_1' title="bbox 9 187 11 304">
     <span class='ocr_line' id='line_1_1' title="bbox 9 187 11 304; baseline 0 0"><span class='ocrx_word' id='word_1_1' title='bbox 9 187 11 304; x_wconf 88' lang='lat' dir='ltr'><strong>l</strong></span> 
     </span>
    </p>
   </div>
   <div class='ocr_carea' id='block_1_2' title="bbox 182 218 809 292">
    <p class='ocr_par' dir='ltr' id='par_1_2' title="bbox 182 218 809 292">
     <span class='ocr_line' id='line_1_2' title="bbox 182 218 809 292; baseline -0.019 0"><span class='ocrx_word' id='word_1_2' title='bbox 182 225 247 292; x_wconf 79' lang='lat'><strong>124</strong></span> <span class='ocrx_word' id='word_1_3' title='bbox 575 221 634 284; x_wconf 82' lang='lat' dir='ltr'><strong>EX</strong></span> <span class='ocrx_word' id='word_1_4' title='bbox 660 218 809 282; x_wconf 86' lang='lat' dir='ltr'><strong>PONTO</strong></span> 
     </span>
    </p>
   </div>
   <div class='ocr_carea' id='block_1_3' title="bbox 214 373 1159 3540">
    <p class='ocr_par' dir='ltr' id='par_1_3' title="bbox 222 373 1148 950">
     <span class='ocr_line' id='line_1_3' title="bbox 309 373 866 439; baseline -0.014 -1"><span class='ocrx_word' id='word_1_5' title='bbox 309 377 372 439; x_wconf 86' lang='lat' dir='ltr'><strong>Sed</strong></span> <span class='ocrx_word' id='word_1_6' title='bbox 385 391 447 436; x_wconf 91' lang='lat' dir='ltr'><strong>non</strong></span> <span class='ocrx_word' id='word_1_7' title='bbox 463 376 497 436; x_wconf 86' lang='lat' dir='ltr'><strong>tlt</strong></span> <span class='ocrx_word' id='word_1_8' title='bbox 511 373 572 434; x_wconf 86' lang='lat' dir='ltr'><strong>lato</strong></span> <span class='ocrx_word' id='word_1_9' title='bbox 587 373 707 434; x_wconf 88' lang='lat' dir='ltr'><strong>mollior</strong></span> <span class='ocrx_word' id='word_1_10' title='bbox 720 373 771 432; x_wconf 91' lang='lat' dir='ltr'><strong>ille</strong></span> <span class='ocrx_word' id='word_1_11' title='bbox 786 387 866 432; x_wconf 91' lang='lat' dir='ltr'><strong>meo.</strong></span> 
     </span>
     <span class='ocr_line' id='line_1_4' title="bbox 224 455 1131 534; baseline -0.009 -10"><span class='ocrx_word' id='word_1_12' title='bbox 224 471 258 524; x_wconf 84' lang='lat'><strong>15</strong></span> <span class='ocrx_word' id='word_1_13' title='bbox 270 461 346 523; x_wconf 83' lang='lat' dir='ltr'><strong>Cum</strong></span> <span class='ocrx_word' id='word_1_14' title='bbox 359 461 474 534; x_wconf 78' lang='lat' dir='ltr'><strong>relego,</strong></span> <span class='ocrx_word' id='word_1_15' title='bbox 496 457 663 533; x_wconf 80' lang='lat' dir='ltr'><strong>scripsisse</strong></span> <span class='ocrx_word' id='word_1_16' title='bbox 677 458 781 532; x_wconf 86' lang='lat' dir='ltr'><strong>pudet.</strong></span> <span class='ocrx_word' id='word_1_17' title='bbox 814 456 887 529; x_wconf 90' lang='lat' dir='ltr'><strong>quia</strong></span> <span class='ocrx_word' id='word_1_18' title='bbox 902 455 1034 530; x_wconf 90' lang='lat' dir='ltr'><strong>plurima</strong></span> <span class='ocrx_word' id='word_1_19' title='bbox 1047 470 1131 516; x_wconf 88' lang='lat' dir='ltr'><strong>cerno</strong></span> 
     </span>
     <span class='ocr_line' id='line_1_5' title="bbox 307 538 976 618; baseline -0.012 -13"><span class='ocrx_word' id='word_1_20' title='bbox 307 543 359 605; x_wconf 87' lang='lat' dir='ltr'><strong>Me</strong></span> <span class='ocrx_word' id='word_1_21' title='bbox 373 557 507 618; x_wconf 87' lang='lat' dir='ltr'><strong>quoque,</strong></span> <span class='ocrx_word' id='word_1_22' title='bbox 530 541 583 616; x_wconf 87' lang='lat' dir='ltr'><strong>qui</strong></span> <span class='ocrx_word' id='word_1_23' title='bbox 598 540 666 612; x_wconf 85' lang='lat' dir='ltr'><strong>leci,</strong></span> <span class='ocrx_word' id='word_1_24' title='bbox 689 540 791 600; x_wconf 91' lang='lat' dir='ltr'><strong>iudice</strong></span> <span class='ocrx_word' id='word_1_25' title='bbox 805 539 899 614; x_wconf 80' lang='lat' dir='ltr'><strong>digna</strong></span> <span class='ocrx_word' id='word_1_26' title='bbox 913 538 976 598; x_wconf 90' lang='lat' dir='ltr'><strong>lini.</strong></span> 
     </span>
     <span class='ocr_line' id='line_1_6' title="bbox 264 619 1148 697; baseline -0.01 -9"><span class='ocrx_word' id='word_1_27' title='bbox 264 629 328 690; x_wconf 89' lang='lat' dir='ltr'><strong>Nec</strong></span> <span class='ocrx_word' id='word_1_28' title='bbox 341 635 443 687; x_wconf 88' lang='lat' dir='ltr'><strong>tamen</strong></span> <span class='ocrx_word' id='word_1_29' title='bbox 458 625 599 686; x_wconf 89' lang='lat' dir='ltr'><strong>emendo.</strong></span> <span class='ocrx_word' id='word_1_30' title='bbox 631 623 719 682; x_wconf 89' lang='lat' dir='ltr'><strong>labor</strong></span> <span class='ocrx_word' id='word_1_31' title='bbox 732 621 783 682; x_wconf 90' lang='lat' dir='ltr'><strong>hic</strong></span> <span class='ocrx_word' id='word_1_32' title='bbox 798 638 890 697; x_wconf 89' lang='lat' dir='ltr'><strong>qoam</strong></span> <span class='ocrx_word' id='word_1_33' title='bbox 904 621 1041 682; x_wconf 88' lang='lat' dir='ltr'><strong>seribere</strong></span> <span class='ocrx_word' id='word_1_34' title='bbox 1055 619 1148 681; x_wconf 91' lang='lat' dir='ltr'><strong>maior.</strong></span> 
     </span>
     <span class='ocr_line' id='line_1_7' title="bbox 305 707 1010 785; baseline -0.011 -14"><span class='ocrx_word' id='word_1_35' title='bbox 305 711 457 785; x_wconf 84' lang='lat' dir='ltr'><strong>blensque</strong></span> <span class='ocrx_word' id='word_1_36' title='bbox 473 710 535 785; x_wconf 87' lang='lat' dir='ltr'><strong>pati</strong></span> <span class='ocrx_word' id='word_1_37' title='bbox 549 709 659 769; x_wconf 87' lang='lat' dir='ltr'><strong>durum</strong></span> <span class='ocrx_word' id='word_1_38' title='bbox 673 707 805 768; x_wconf 88' lang='lat' dir='ltr'><strong>sustinet</strong></span> <span class='ocrx_word' id='word_1_39' title='bbox 818 721 912 779; x_wconf 84' lang='lat' dir='ltr'><strong>aegro</strong></span> <span class='ocrx_word' id='word_1_40' title='bbox 926 707 1010 766; x_wconf 88' lang='lat' dir='ltr'><strong>nibil.</strong></span> 
     </span>
     <span class='ocr_line' id='line_1_8' title="bbox 267 789 890 868; baseline -0.014 -12"><span class='ocrx_word' id='word_1_41' title='bbox 267 795 390 856; x_wconf 83' lang='lat' dir='ltr'><strong>Scilicet</strong></span> <span class='ocrx_word' id='word_1_42' title='bbox 403 794 547 868; x_wconf 90' lang='lat' dir='ltr'><strong>incipiam</strong></span> <span class='ocrx_word' id='word_1_43' title='bbox 560 792 634 851; x_wconf 87' lang='lat' dir='ltr'><strong>lima</strong></span> <span class='ocrx_word' id='word_1_44' title='bbox 646 790 823 852; x_wconf 81' lang='lat' dir='ltr'><strong>mordacius</strong></span> <span class='ocrx_word' id='word_1_45' title='bbox 838 789 890 862; x_wconf 88' lang='lat' dir='ltr'><strong>uti,</strong></span> 
     </span>
     <span class='ocr_line' id='line_1_9' title="bbox 222 873 969 950; baseline -0.017 -6"><span class='ocrx_word' id='word_1_46' title='bbox 222 890 259 944; x_wconf 71' lang='lat' dir='ltr'><strong>to</strong></span> <span class='ocrx_word' id='word_1_47' title='bbox 309 879 347 939; x_wconf 80' lang='lat' dir='ltr'><strong>lit</strong></span> <span class='ocrx_word' id='word_1_48' title='bbox 360 877 418 938; x_wconf 90' lang='lat' dir='ltr'><strong>sub</strong></span> <span class='ocrx_word' id='word_1_49' title='bbox 434 876 579 936; x_wconf 88' lang='lat' dir='ltr'><strong>iudicium</strong></span> <span class='ocrx_word' id='word_1_50' title='bbox 593 875 713 950; x_wconf 75' lang='lat' dir='ltr'><strong>singula</strong></span> <span class='ocrx_word' id='word_1_51' title='bbox 727 873 823 933; x_wconf 89' lang='lat' dir='ltr'><strong>verba</strong></span> <span class='ocrx_word' id='word_1_52' title='bbox 838 879 969 932; x_wconf 75' lang='lat' dir='ltr'><strong>vocem?</strong></span> 
     </span>
    </p>

    <p class='ocr_par' dir='ltr' id='par_1_4' title="bbox 265 955 1145 1188">
     <span class='ocr_line' id='line_1_10' title="bbox 266 955 1145 1037; baseline -0.008 -16"><span class='ocrx_word' id='word_1_53' title='bbox 266 962 399 1037; x_wconf 82' lang='lat' dir='ltr'><strong>Torquet</strong></span> <span class='ocrx_word' id='word_1_54' title='bbox 414 961 494 1020; x_wconf 92' lang='lat' dir='ltr'><strong>enim</strong></span> <span class='ocrx_word' id='word_1_55' title='bbox 509 960 629 1020; x_wconf 89' lang='lat' dir='ltr'><strong>lortuna</strong></span> <span class='ocrx_word' id='word_1_56' title='bbox 643 973 758 1033; x_wconf 87' lang='lat' dir='ltr'><strong>parum,</strong></span> <span class='ocrx_word' id='word_1_57' title='bbox 781 956 841 1024; x_wconf 89' lang='lat' dir='ltr'><strong>nisi</strong></span> <span class='ocrx_word' id='word_1_58' title='bbox 855 955 965 1016; x_wconf 89' lang='lat' dir='ltr'><strong>Lissus</strong></span> <span class='ocrx_word' id='word_1_59' title='bbox 981 956 1011 1016; x_wconf 92' lang='lat' dir='ltr'><strong>in</strong></span> <span class='ocrx_word' id='word_1_60' title='bbox 1026 956 1145 1015; x_wconf 85' lang='lat' dir='ltr'><strong>Hebrum</strong></span> 
     </span>
     <span class='ocr_line' id='line_1_11' title="bbox 309 1039 1027 1116; baseline -0.008 -11"><span class='ocrx_word' id='word_1_61' title='bbox 309 1043 458 1116; x_wconf 84' lang='lat' dir='ltr'><strong>Confluat,</strong></span> <span class='ocrx_word' id='word_1_62' title='bbox 482 1050 512 1103; x_wconf 91' lang='lat' dir='ltr'><strong>et</strong></span> <span class='ocrx_word' id='word_1_63' title='bbox 525 1043 651 1102; x_wconf 80' lang='lat' dir='ltr'><strong>frondes</strong></span> <span class='ocrx_word' id='word_1_64' title='bbox 665 1041 797 1116; x_wconf 84' lang='lat' dir='ltr'><strong>Alpibus</strong></span> <span class='ocrx_word' id='word_1_65' title='bbox 812 1040 907 1100; x_wconf 88' lang='lat' dir='ltr'><strong>addat</strong></span> <span class='ocrx_word' id='word_1_66' title='bbox 921 1039 1027 1100; x_wconf 70' lang='lat' dir='ltr'><strong>Atho?</strong></span> 
     </span>
     <span class='ocr_line' id='line_1_12' title="bbox 265 1123 1090 1188; baseline -0.011 -1"><span class='ocrx_word' id='word_1_67' title='bbox 265 1127 454 1188; x_wconf 83' lang='lat' dir='ltr'><strong>Parcendum</strong></span> <span class='ocrx_word' id='word_1_68' title='bbox 468 1132 516 1186; x_wconf 86' lang='lat' dir='ltr'><strong>est</strong></span> <span class='ocrx_word' id='word_1_69' title='bbox 529 1126 630 1186; x_wconf 90' lang='lat' dir='ltr'><strong>animo</strong></span> <span class='ocrx_word' id='word_1_70' title='bbox 645 1123 819 1184; x_wconf 82' lang='lat' dir='ltr'><strong>miserabile</strong></span> <span class='ocrx_word' id='word_1_71' title='bbox 832 1123 943 1184; x_wconf 85' lang='lat' dir='ltr'><strong>vulnus</strong></span> <span class='ocrx_word' id='word_1_72' title='bbox 958 1123 1090 1182; x_wconf 88' lang='lat' dir='ltr'><strong>habenti.</strong></span> 
     </span>
    </p>

    <p class='ocr_par' dir='ltr' id='par_1_5' title="bbox 214 1208 1159 3540">
     <span class='ocr_line' id='line_1_13' title="bbox 308 1208 942 1284; baseline -0.013 -13"><span class='ocrx_word' id='word_1_73' title='bbox 308 1209 489 1271; x_wconf 92' lang='lat' dir='ltr'><strong>Subducunt</strong></span> <span class='ocrx_word' id='word_1_74' title='bbox 502 1210 587 1269; x_wconf 89' lang='lat' dir='ltr'><strong>oneri</strong></span> <span class='ocrx_word' id='word_1_75' title='bbox 602 1209 681 1268; x_wconf 88' lang='lat' dir='ltr'><strong>colla</strong></span> <span class='ocrx_word' id='word_1_76' title='bbox 695 1215 820 1284; x_wconf 87' lang='lat' dir='ltr'><strong>perusta</strong></span> <span class='ocrx_word' id='word_1_77' title='bbox 833 1208 942 1267; x_wconf 82' lang='lat' dir='ltr'><strong>boves.</strong></span> 
     </span>
     <span class='ocr_line' id='line_1_14' title="bbox 223 1289 1127 1369; baseline -0.009 -13"><span class='ocrx_word' id='word_1_78' title='bbox 223 1296 318 1367; x_wconf 72' lang='lat' dir='ltr'><strong>tolli,</strong></span> <span class='ocrx_word' id='word_1_79' title='bbox 341 1301 422 1369; x_wconf 87' lang='lat' dir='ltr'><strong>pulo,</strong></span> <span class='ocrx_word' id='word_1_80' title='bbox 445 1294 561 1353; x_wconf 79' lang='lat' dir='ltr'><strong>fructus</strong></span> <span class='ocrx_word' id='word_1_81' title='bbox 577 1293 673 1366; x_wconf 86' lang='lat' dir='ltr'><strong>adest,</strong></span> <span class='ocrx_word' id='word_1_82' title='bbox 695 1291 862 1352; x_wconf 85' lang='lat' dir='ltr'><strong>iustissima</strong></span> <span class='ocrx_word' id='word_1_83' title='bbox 876 1305 973 1350; x_wconf 88' lang='lat' dir='ltr'><strong>causa</strong></span> <span class='ocrx_word' id='word_1_84' title='bbox 986 1289 1127 1362; x_wconf 85' lang='lat' dir='ltr'><strong>laborum,</strong></span> 
     </span>
     <span class='ocr_line' id='line_1_15' title="bbox 305 1375 962 1450; baseline -0.006 -14"><span class='ocrx_word' id='word_1_85' title='bbox 305 1377 344 1438; x_wconf 87' lang='lat' dir='ltr'><strong>Et</strong></span> <span class='ocrx_word' id='word_1_86' title='bbox 357 1383 425 1436; x_wconf 86' lang='lat' dir='ltr'><strong>sala</strong></span> <span class='ocrx_word' id='word_1_87' title='bbox 439 1393 509 1436; x_wconf 91' lang='lat' dir='ltr'><strong>cnm</strong></span> <span class='ocrx_word' id='word_1_88' title='bbox 523 1378 615 1435; x_wconf 89' lang='lat' dir='ltr'><strong>multo</strong></span> <span class='ocrx_word' id='word_1_89' title='bbox 632 1376 738 1435; x_wconf 83' lang='lat' dir='ltr'><strong>fenore</strong></span> <span class='ocrx_word' id='word_1_90' title='bbox 752 1375 853 1436; x_wconf 80' lang='lat' dir='ltr'><strong>reddit</strong></span> <span class='ocrx_word' id='word_1_91' title='bbox 866 1381 962 1450; x_wconf 70' lang='lat' dir='ltr'><strong>ager?</strong></span> 
     </span>
     <span class='ocr_line' id='line_1_16' title="bbox 265 1454 1119 1536; baseline -0.009 -16"><span class='ocrx_word' id='word_1_92' title='bbox 265 1463 398 1536; x_wconf 88' lang='lat' dir='ltr'><strong>Tempus</strong></span> <span class='ocrx_word' id='word_1_93' title='bbox 414 1461 454 1520; x_wconf 87' lang='lat' dir='ltr'><strong>ad</strong></span> <span class='ocrx_word' id='word_1_94' title='bbox 468 1461 528 1519; x_wconf 88' lang='lat' dir='ltr'><strong>hoc</strong></span> <span class='ocrx_word' id='word_1_95' title='bbox 542 1458 641 1534; x_wconf 89' lang='lat' dir='ltr'><strong>nobis,</strong></span> <span class='ocrx_word' id='word_1_96' title='bbox 664 1468 786 1534; x_wconf 87' lang='lat' dir='ltr'><strong>repetas</strong></span> <span class='ocrx_word' id='word_1_97' title='bbox 801 1459 873 1518; x_wconf 89' lang='lat' dir='ltr'><strong>lioct</strong></span> <span class='ocrx_word' id='word_1_98' title='bbox 887 1459 997 1532; x_wconf 83' lang='lat' dir='ltr'><strong>emnia,</strong></span> <span class='ocrx_word' id='word_1_99' title='bbox 1021 1454 1119 1516; x_wconf 89' lang='lat' dir='ltr'><strong>nnllun</strong></span> 
     </span>
     <span class='ocr_line' id='line_1_17' title="bbox 305 1543 1050 1619; baseline -0.007 -16"><span class='ocrx_word' id='word_1_100' title='bbox 305 1544 428 1617; x_wconf 87' lang='lat' dir='ltr'><strong>Proluit,</strong></span> <span class='ocrx_word' id='word_1_101' title='bbox 451 1551 543 1619; x_wconf 90' lang='lat' dir='ltr'><strong>atque</strong></span> <span class='ocrx_word' id='word_1_102' title='bbox 557 1543 671 1604; x_wconf 92' lang='lat' dir='ltr'><strong>utinam</strong></span> <span class='ocrx_word' id='word_1_103' title='bbox 686 1559 748 1604; x_wconf 92' lang='lat' dir='ltr'><strong>non</strong></span> <span class='ocrx_word' id='word_1_104' title='bbox 763 1543 934 1602; x_wconf 83' lang='lat' dir='ltr'><strong>nocuisset!</strong></span> <span class='ocrx_word' id='word_1_105' title='bbox 959 1557 1050 1617; x_wconf 87' lang='lat' dir='ltr'><strong>opus.</strong></span> 
     </span>
     <span class='ocr_line' id='line_1_18' title="bbox 269 1625 1046 1703; baseline -0.006 -14"><span class='ocrx_word' id='word_1_106' title='bbox 269 1629 328 1689; x_wconf 84' lang='lat' dir='ltr'><strong>Cur</strong></span> <span class='ocrx_word' id='word_1_107' title='bbox 345 1627 435 1703; x_wconf 83' lang='lat' dir='ltr'><strong>igitur</strong></span> <span class='ocrx_word' id='word_1_108' title='bbox 449 1626 590 1701; x_wconf 90' lang='lat' dir='ltr'><strong>scribam,</strong></span> <span class='ocrx_word' id='word_1_109' title='bbox 605 1627 746 1686; x_wconf 72' lang='lat' dir='ltr'><strong>miraris?</strong></span> <span class='ocrx_word' id='word_1_110' title='bbox 767 1625 904 1685; x_wconf 81' lang='lat' dir='ltr'><strong>minoret</strong></span> <span class='ocrx_word' id='word_1_111' title='bbox 919 1626 997 1700; x_wconf 87' lang='lat' dir='ltr'><strong>ipse,</strong></span> <span class='ocrx_word' id='word_1_112' title='bbox 1042 1649 1046 1656; x_wconf 59' lang='lat'>=</span> 
     </span>
     <span class='ocr_line' id='line_1_19' title="bbox 222 1709 1028 1784; baseline -0.006 -12"><span class='ocrx_word' id='word_1_113' title='bbox 222 1719 260 1774; x_wconf 83' lang='lat'><strong>30</strong></span> <span class='ocrx_word' id='word_1_114' title='bbox 310 1711 348 1772; x_wconf 86' lang='lat' dir='ltr'><strong>El</strong></span> <span class='ocrx_word' id='word_1_115' title='bbox 362 1718 463 1771; x_wconf 88' lang='lat' dir='ltr'><strong>lecum</strong></span> <span class='ocrx_word' id='word_1_116' title='bbox 478 1725 593 1784; x_wconf 84' lang='lat' dir='ltr'><strong>quaero</strong></span> <span class='ocrx_word' id='word_1_117' title='bbox 612 1725 716 1784; x_wconf 85' lang='lat' dir='ltr'><strong>saepe,</strong></span> <span class='ocrx_word' id='word_1_118' title='bbox 740 1709 900 1784; x_wconf 90' lang='lat' dir='ltr'><strong>quidinde</strong></span> <span class='ocrx_word' id='word_1_119' title='bbox 915 1715 1028 1783; x_wconf 85' lang='lat' dir='ltr'><strong>pelam.</strong></span> 
     </span>
     <span class='ocr_line' id='line_1_20' title="bbox 266 1796 1042 1870; baseline -0.005 -16"><span class='ocrx_word' id='word_1_120' title='bbox 266 1796 315 1855; x_wconf 87' lang='lat' dir='ltr'><strong>An</strong></span> <span class='ocrx_word' id='word_1_121' title='bbox 332 1797 466 1870; x_wconf 89' lang='lat' dir='ltr'><strong>populus</strong></span> <span class='ocrx_word' id='word_1_122' title='bbox 481 1809 555 1854; x_wconf 90' lang='lat' dir='ltr'><strong>vere</strong></span> <span class='ocrx_word' id='word_1_123' title='bbox 569 1809 663 1852; x_wconf 87' lang='lat' dir='ltr'><strong>sanos</strong></span> <span class='ocrx_word' id='word_1_124' title='bbox 677 1800 768 1866; x_wconf 80' lang='lat' dir='ltr'><strong>negat</strong></span> <span class='ocrx_word' id='word_1_125' title='bbox 782 1809 853 1852; x_wconf 89' lang='lat' dir='ltr'><strong>esse</strong></span> <span class='ocrx_word' id='word_1_126' title='bbox 869 1799 999 1866; x_wconf 67' lang='lat' dir='ltr'><strong>poetas?</strong></span> <span class='ocrx_word' id='word_1_127' title='bbox 1040 1825 1042 1829; x_wconf 57' lang='lat'>&gt;</span> 
     </span>
     <span class='ocr_line' id='line_1_21' title="bbox 309 1876 989 1954; baseline -0.009 -14"><span class='ocrx_word' id='word_1_128' title='bbox 309 1878 445 1954; x_wconf 89' lang='lat' dir='ltr'><strong>Sumque</strong></span> <span class='ocrx_word' id='word_1_129' title='bbox 459 1878 538 1938; x_wconf 88' lang='lat' dir='ltr'><strong>fides</strong></span> <span class='ocrx_word' id='word_1_130' title='bbox 554 1877 643 1937; x_wconf 91' lang='lat' dir='ltr'><strong>buius</strong></span> <span class='ocrx_word' id='word_1_131' title='bbox 658 1876 791 1936; x_wconf 89' lang='lat' dir='ltr'><strong>maxima</strong></span> <span class='ocrx_word' id='word_1_132' title='bbox 804 1877 893 1936; x_wconf 89' lang='lat' dir='ltr'><strong>vocis</strong></span> <span class='ocrx_word' id='word_1_133' title='bbox 908 1883 989 1949; x_wconf 73' lang='lat' dir='ltr'><strong>epol</strong></span> 
     </span>
     <span class='ocr_line' id='line_1_22' title="bbox 267 1959 1051 2035; baseline -0.001 -14"><span class='ocrx_word' id='word_1_134' title='bbox 267 1962 332 2035; x_wconf 83' lang='lat' dir='ltr'><strong>Qui,</strong></span> <span class='ocrx_word' id='word_1_135' title='bbox 353 1962 447 2022; x_wconf 90' lang='lat' dir='ltr'><strong>sterili</strong></span> <span class='ocrx_word' id='word_1_136' title='bbox 461 1962 573 2022; x_wconf 88' lang='lat' dir='ltr'><strong>totiens</strong></span> <span class='ocrx_word' id='word_1_137' title='bbox 588 1977 656 2020; x_wconf 91' lang='lat' dir='ltr'><strong>curn</strong></span> <span class='ocrx_word' id='word_1_138' title='bbox 672 1960 730 2018; x_wconf 84' lang='lat' dir='ltr'><strong>sim</strong></span> <span class='ocrx_word' id='word_1_139' title='bbox 744 1960 892 2034; x_wconf 88' lang='lat' dir='ltr'><strong>deceptus</strong></span> <span class='ocrx_word' id='word_1_140' title='bbox 908 1959 947 2017; x_wconf 90' lang='lat' dir='ltr'><strong>ab</strong></span> <span class='ocrx_word' id='word_1_141' title='bbox 963 1975 1051 2034; x_wconf 85' lang='lat' dir='ltr'><strong>arvo,</strong></span> 
     </span>
     <span class='ocr_line' id='line_1_23' title="bbox 308 2043 971 2120; baseline -0.008 -16"><span class='ocrx_word' id='word_1_142' title='bbox 308 2045 464 2104; x_wconf 86' lang='lat' dir='ltr'><strong>Damnosa</strong></span> <span class='ocrx_word' id='word_1_143' title='bbox 479 2052 583 2120; x_wconf 87' lang='lat' dir='ltr'><strong>persto</strong></span> <span class='ocrx_word' id='word_1_144' title='bbox 599 2045 732 2104; x_wconf 89' lang='lat' dir='ltr'><strong>condere</strong></span> <span class='ocrx_word' id='word_1_145' title='bbox 748 2058 853 2102; x_wconf 88' lang='lat' dir='ltr'><strong>semen</strong></span> <span class='ocrx_word' id='word_1_146' title='bbox 868 2043 971 2103; x_wconf 88' lang='lat' dir='ltr'><strong>humo.</strong></span> 
     </span>
     <span class='ocr_line' id='line_1_24' title="bbox 223 2127 1089 2202; baseline -0.002 -14"><span class='ocrx_word' id='word_1_147' title='bbox 223 2135 258 2188; x_wconf 82' lang='lat'><strong>35</strong></span> <span class='ocrx_word' id='word_1_148' title='bbox 271 2127 394 2188; x_wconf 89' lang='lat' dir='ltr'><strong>Scilicet</strong></span> <span class='ocrx_word' id='word_1_149' title='bbox 409 2134 456 2187; x_wconf 87' lang='lat' dir='ltr'><strong>est</strong></span> <span class='ocrx_word' id='word_1_150' title='bbox 474 2127 605 2202; x_wconf 90' lang='lat' dir='ltr'><strong>cupidus</strong></span> <span class='ocrx_word' id='word_1_151' title='bbox 620 2129 789 2188; x_wconf 88' lang='lat' dir='ltr'><strong>studiorum</strong></span> <span class='ocrx_word' id='word_1_152' title='bbox 805 2127 937 2202; x_wconf 90' lang='lat' dir='ltr'><strong>quisque</strong></span> <span class='ocrx_word' id='word_1_153' title='bbox 952 2143 1089 2201; x_wconf 86' lang='lat' dir='ltr'><strong>suorum,</strong></span> 
     </span>
     <span class='ocr_line' id='line_1_25' title="bbox 308 2210 994 2285; baseline -0.003 -15"><span class='ocrx_word' id='word_1_154' title='bbox 308 2213 442 2284; x_wconf 90' lang='lat' dir='ltr'><strong>Tempus</strong></span> <span class='ocrx_word' id='word_1_155' title='bbox 457 2216 488 2270; x_wconf 88' lang='lat' dir='ltr'><strong>el</strong></span> <span class='ocrx_word' id='word_1_156' title='bbox 502 2211 631 2270; x_wconf 88' lang='lat' dir='ltr'><strong>adsueta</strong></span> <span class='ocrx_word' id='word_1_157' title='bbox 647 2227 761 2285; x_wconf 91' lang='lat' dir='ltr'><strong>ponere</strong></span> <span class='ocrx_word' id='word_1_158' title='bbox 775 2210 806 2268; x_wconf 93' lang='lat' dir='ltr'><strong>in</strong></span> <span class='ocrx_word' id='word_1_159' title='bbox 822 2217 886 2269; x_wconf 91' lang='lat' dir='ltr'><strong>arte</strong></span> <span class='ocrx_word' id='word_1_160' title='bbox 901 2210 994 2269; x_wconf 86' lang='lat' dir='ltr'><strong>iuvat.</strong></span> 
     </span>
     <span class='ocr_line' id='line_1_26' title="bbox 267 2293 976 2368; baseline -0.001 -15"><span class='ocrx_word' id='word_1_161' title='bbox 267 2293 397 2354; x_wconf 86' lang='lat' dir='ltr'><strong>Saucius</strong></span> <span class='ocrx_word' id='word_1_162' title='bbox 413 2294 509 2353; x_wconf 92' lang='lat' dir='ltr'><strong>eiurat</strong></span> <span class='ocrx_word' id='word_1_163' title='bbox 523 2309 655 2368; x_wconf 83' lang='lat' dir='ltr'><strong>pugnam</strong></span> <span class='ocrx_word' id='word_1_164' title='bbox 670 2294 828 2368; x_wconf 85' lang='lat' dir='ltr'><strong>gladiator,</strong></span> <span class='ocrx_word' id='word_1_165' title='bbox 852 2300 881 2353; x_wconf 91' lang='lat' dir='ltr'><strong>et</strong></span> <span class='ocrx_word' id='word_1_166' title='bbox 895 2293 976 2352; x_wconf 88' lang='lat' dir='ltr'><strong>idem</strong></span> 
     </span>
     <span class='ocr_line' id='line_1_27' title="bbox 308 2375 944 2452; baseline 0 -18"><span class='ocrx_word' id='word_1_167' title='bbox 308 2377 459 2437; x_wconf 89' lang='lat' dir='ltr'><strong>Inmemor</strong></span> <span class='ocrx_word' id='word_1_168' title='bbox 473 2377 589 2452; x_wconf 86' lang='lat' dir='ltr'><strong>antiqui</strong></span> <span class='ocrx_word' id='word_1_169' title='bbox 605 2377 739 2436; x_wconf 90' lang='lat' dir='ltr'><strong>vulneris</strong></span> <span class='ocrx_word' id='word_1_170' title='bbox 755 2393 839 2436; x_wconf 83' lang='lat' dir='ltr'><strong>arnta</strong></span> <span class='ocrx_word' id='word_1_171' title='bbox 854 2375 944 2451; x_wconf 88' lang='lat' dir='ltr'><strong>capit.</strong></span> 
     </span>
     <span class='ocr_line' id='line_1_28' title="bbox 265 2459 1053 2536; baseline 0 -18"><span class='ocrx_word' id='word_1_172' title='bbox 265 2461 312 2520; x_wconf 88' lang='lat' dir='ltr'><strong>Nil</strong></span> <span class='ocrx_word' id='word_1_173' title='bbox 326 2459 384 2520; x_wconf 87' lang='lat' dir='ltr'><strong>sibi</strong></span> <span class='ocrx_word' id='word_1_174' title='bbox 401 2477 470 2521; x_wconf 89' lang='lat' dir='ltr'><strong>cum</strong></span> <span class='ocrx_word' id='word_1_175' title='bbox 485 2460 585 2536; x_wconf 82' lang='lat' dir='ltr'><strong>pelagi</strong></span> <span class='ocrx_word' id='word_1_176' title='bbox 601 2461 674 2521; x_wconf 88' lang='lat' dir='ltr'><strong>dicit</strong></span> <span class='ocrx_word' id='word_1_177' title='bbox 688 2460 754 2519; x_wconf 86' lang='lat' dir='ltr'><strong>lore</strong></span> <span class='ocrx_word' id='word_1_178' title='bbox 768 2461 935 2534; x_wconf 75' lang='lat' dir='ltr'><strong>naufragus</strong></span> <span class='ocrx_word' id='word_1_179' title='bbox 952 2460 1053 2534; x_wconf 86' lang='lat' dir='ltr'><strong>undis,</strong></span> 
     </span>
     <span class='ocr_line' id='line_1_29' title="bbox 222 2543 960 2620; baseline -0.004 -14"><span class='ocrx_word' id='word_1_180' title='bbox 222 2554 258 2606; x_wconf 85' lang='lat'><strong>40</strong></span> <span class='ocrx_word' id='word_1_181' title='bbox 306 2545 344 2604; x_wconf 88' lang='lat' dir='ltr'><strong>Et</strong></span> <span class='ocrx_word' id='word_1_182' title='bbox 358 2544 441 2604; x_wconf 89' lang='lat' dir='ltr'><strong>ducit</strong></span> <span class='ocrx_word' id='word_1_183' title='bbox 455 2559 567 2616; x_wconf 90' lang='lat' dir='ltr'><strong>remos,</strong></span> <span class='ocrx_word' id='word_1_184' title='bbox 589 2561 651 2620; x_wconf 89' lang='lat' dir='ltr'><strong>qua</strong></span> <span class='ocrx_word' id='word_1_185' title='bbox 665 2543 757 2604; x_wconf 90' lang='lat' dir='ltr'><strong>modo</strong></span> <span class='ocrx_word' id='word_1_186' title='bbox 773 2545 857 2603; x_wconf 88' lang='lat' dir='ltr'><strong>navit</strong></span> <span class='ocrx_word' id='word_1_187' title='bbox 870 2559 960 2618; x_wconf 81' lang='lat' dir='ltr'><strong>aqua</strong></span> 
     </span>
     <span class='ocr_line' id='line_1_30' title="bbox 269 2627 1015 2702; baseline -0.001 -15"><span class='ocrx_word' id='word_1_188' title='bbox 269 2627 320 2688; x_wconf 89' lang='lat' dir='ltr'><strong>Sic</strong></span> <span class='ocrx_word' id='word_1_189' title='bbox 335 2644 392 2702; x_wconf 78' lang='lat' dir='ltr'><strong>ego</strong></span> <span class='ocrx_word' id='word_1_190' title='bbox 412 2634 588 2687; x_wconf 84' lang='lat' dir='ltr'><strong>constanter</strong></span> <span class='ocrx_word' id='word_1_191' title='bbox 602 2627 734 2687; x_wconf 88' lang='lat' dir='ltr'><strong>studium</strong></span> <span class='ocrx_word' id='word_1_192' title='bbox 749 2643 809 2686; x_wconf 91' lang='lat' dir='ltr'><strong>non</strong></span> <span class='ocrx_word' id='word_1_193' title='bbox 825 2627 897 2686; x_wconf 84' lang='lat' dir='ltr'><strong>utile</strong></span> <span class='ocrx_word' id='word_1_194' title='bbox 913 2643 1015 2698; x_wconf 86' lang='lat' dir='ltr'><strong>servo,</strong></span> 
     </span>
     <span class='ocr_line' id='line_1_31' title="bbox 307 2710 966 2784; baseline 0.003 -16"><span class='ocrx_word' id='word_1_195' title='bbox 307 2711 346 2769; x_wconf 85' lang='lat' dir='ltr'><strong>Et</strong></span> <span class='ocrx_word' id='word_1_196' title='bbox 359 2717 474 2784; x_wconf 87' lang='lat' dir='ltr'><strong>repeto,</strong></span> <span class='ocrx_word' id='word_1_197' title='bbox 493 2710 605 2769; x_wconf 90' lang='lat' dir='ltr'><strong>nollem</strong></span> <span class='ocrx_word' id='word_1_198' title='bbox 621 2727 698 2784; x_wconf 87' lang='lat' dir='ltr'><strong>quas</strong></span> <span class='ocrx_word' id='word_1_199' title='bbox 714 2711 857 2781; x_wconf 88' lang='lat' dir='ltr'><strong>coluisse,</strong></span> <span class='ocrx_word' id='word_1_200' title='bbox 881 2711 966 2770; x_wconf 84' lang='lat' dir='ltr'><strong>deas.</strong></span> 
     </span>
     <span class='ocr_line' id='line_1_32' title="bbox 214 2792 1112 2868; baseline -0.001 -15"><span class='ocrx_word' id='word_1_201' title='bbox 214 2861 216 2866; x_wconf 10' lang='grc' dir='ltr'><strong>λ</strong></span> <span class='ocrx_word' id='word_1_202' title='bbox 268 2793 346 2867; x_wconf 84' lang='lat' dir='ltr'><strong>Quid</strong></span> <span class='ocrx_word' id='word_1_203' title='bbox 362 2792 463 2867; x_wconf 89' lang='lat' dir='ltr'><strong>potius</strong></span> <span class='ocrx_word' id='word_1_204' title='bbox 480 2792 610 2852; x_wconf 79' lang='lat' dir='ltr'><strong>laciaml</strong></span> <span class='ocrx_word' id='word_1_205' title='bbox 628 2809 689 2852; x_wconf 94' lang='lat' dir='ltr'><strong>non</strong></span> <span class='ocrx_word' id='word_1_206' title='bbox 705 2811 781 2868; x_wconf 90' lang='lat' dir='ltr'><strong>sum,</strong></span> <span class='ocrx_word' id='word_1_207' title='bbox 805 2794 857 2868; x_wconf 88' lang='lat' dir='ltr'><strong>qui</strong></span> <span class='ocrx_word' id='word_1_208' title='bbox 872 2794 979 2868; x_wconf 80' lang='lat' dir='ltr'><strong>segnia</strong></span> <span class='ocrx_word' id='word_1_209' title='bbox 998 2794 1112 2854; x_wconf 83' lang='lat' dir='ltr'><strong>ducam</strong></span> 
     </span>
     <span class='ocr_line' id='line_1_33' title="bbox 309 2874 988 2953; baseline -0.001 -18"><span class='ocrx_word' id='word_1_210' title='bbox 309 2874 384 2935; x_wconf 89' lang='lat' dir='ltr'><strong>0lia.</strong></span> <span class='ocrx_word' id='word_1_211' title='bbox 416 2893 499 2937; x_wconf 92' lang='lat' dir='ltr'><strong>mors</strong></span> <span class='ocrx_word' id='word_1_212' title='bbox 513 2876 604 2938; x_wconf 88' lang='lat' dir='ltr'><strong>nobis</strong></span> <span class='ocrx_word' id='word_1_213' title='bbox 618 2883 738 2953; x_wconf 87' lang='lat' dir='ltr'><strong>tempus</strong></span> <span class='ocrx_word' id='word_1_214' title='bbox 752 2876 882 2937; x_wconf 88' lang='lat' dir='ltr'><strong>habetur</strong></span> <span class='ocrx_word' id='word_1_215' title='bbox 895 2879 988 2936; x_wconf 87' lang='lat' dir='ltr'><strong>iners.</strong></span> 
     </span>
     <span class='ocr_line' id='line_1_34' title="bbox 214 2959 1001 3022; baseline -0.005 0"><span class='ocrx_word' id='word_1_216' title='bbox 214 2969 249 3022; x_wconf 80' lang='lat'><strong>45</strong></span> <span class='ocrx_word' id='word_1_217' title='bbox 263 2961 327 3020; x_wconf 90' lang='lat' dir='ltr'><strong>Nec</strong></span> <span class='ocrx_word' id='word_1_218' title='bbox 341 2959 425 3022; x_wconf 90' lang='lat' dir='ltr'><strong>iuvat</strong></span> <span class='ocrx_word' id='word_1_219' title='bbox 439 2961 469 3021; x_wconf 92' lang='lat' dir='ltr'><strong>in</strong></span> <span class='ocrx_word' id='word_1_220' title='bbox 485 2962 584 3021; x_wconf 90' lang='lat' dir='ltr'><strong>lucem</strong></span> <span class='ocrx_word' id='word_1_221' title='bbox 599 2960 691 3022; x_wconf 90' lang='lat' dir='ltr'><strong>nimio</strong></span> <span class='ocrx_word' id='word_1_222' title='bbox 706 2975 897 3021; x_wconf 85' lang='lat' dir='ltr'><strong>marcescere</strong></span> <span class='ocrx_word' id='word_1_223' title='bbox 911 2961 1001 3021; x_wconf 85' lang='lat' dir='ltr'><strong>vino=</strong></span> 
     </span>
     <span class='ocr_line' id='line_1_35' title="bbox 303 3043 955 3108; baseline -0.002 -5"><span class='ocrx_word' id='word_1_224' title='bbox 303 3043 367 3104; x_wconf 85' lang='lat' dir='ltr'><strong>Nec</strong></span> <span class='ocrx_word' id='word_1_225' title='bbox 383 3051 465 3105; x_wconf 86' lang='lat' dir='ltr'><strong>tenet</strong></span> <span class='ocrx_word' id='word_1_226' title='bbox 477 3046 610 3107; x_wconf 87' lang='lat' dir='ltr'><strong>incertas</strong></span> <span class='ocrx_word' id='word_1_227' title='bbox 627 3046 695 3104; x_wconf 84' lang='lat' dir='ltr'><strong>alea</strong></span> <span class='ocrx_word' id='word_1_228' title='bbox 707 3045 821 3108; x_wconf 85' lang='lat' dir='ltr'><strong>blanda</strong></span> <span class='ocrx_word' id='word_1_229' title='bbox 838 3061 955 3106; x_wconf 87' lang='lat' dir='ltr'><strong>manus.</strong></span> 
     </span>
     <span class='ocr_line' id='line_1_36' title="bbox 265 3128 1117 3204; baseline 0.002 -16"><span class='ocrx_word' id='word_1_230' title='bbox 265 3128 339 3188; x_wconf 87' lang='lat' dir='ltr'><strong>Cum</strong></span> <span class='ocrx_word' id='word_1_231' title='bbox 356 3128 497 3190; x_wconf 89' lang='lat' dir='ltr'><strong>dedimus</strong></span> <span class='ocrx_word' id='word_1_232' title='bbox 511 3145 621 3189; x_wconf 91' lang='lat' dir='ltr'><strong>somno</strong></span> <span class='ocrx_word' id='word_1_233' title='bbox 638 3145 715 3204; x_wconf 86' lang='lat' dir='ltr'><strong>quas</strong></span> <span class='ocrx_word' id='word_1_234' title='bbox 731 3143 844 3204; x_wconf 89' lang='lat' dir='ltr'><strong>corpus</strong></span> <span class='ocrx_word' id='word_1_235' title='bbox 862 3131 997 3204; x_wconf 85' lang='lat' dir='ltr'><strong>postulat</strong></span> <span class='ocrx_word' id='word_1_236' title='bbox 1010 3128 1117 3203; x_wconf 81' lang='lat' dir='ltr'><strong>horas,</strong></span> 
     </span>
     <span class='ocr_line' id='line_1_37' title="bbox 307 3211 1037 3291; baseline 0.001 -20"><span class='ocrx_word' id='word_1_237' title='bbox 307 3211 372 3286; x_wconf 82' lang='lat' dir='ltr'><strong>Quo</strong></span> <span class='ocrx_word' id='word_1_238' title='bbox 389 3229 502 3287; x_wconf 89' lang='lat' dir='ltr'><strong>ponam</strong></span> <span class='ocrx_word' id='word_1_239' title='bbox 516 3213 646 3288; x_wconf 84' lang='lat' dir='ltr'><strong>vigilans</strong></span> <span class='ocrx_word' id='word_1_240' title='bbox 661 3220 800 3291; x_wconf 84' lang='lat' dir='ltr'><strong>tempora</strong></span> <span class='ocrx_word' id='word_1_241' title='bbox 814 3217 907 3288; x_wconf 83' lang='lat' dir='ltr'><strong>longa</strong></span> <span class='ocrx_word' id='word_1_242' title='bbox 920 3213 1037 3272; x_wconf 76' lang='lat' dir='ltr'><strong>model</strong></span> 
     </span>
     <span class='ocr_line' id='line_1_38' title="bbox 263 3295 975 3372; baseline 0 -18"><span class='ocrx_word' id='word_1_243' title='bbox 263 3295 359 3355; x_wconf 90' lang='lat' dir='ltr'><strong>Moris</strong></span> <span class='ocrx_word' id='word_1_244' title='bbox 375 3311 414 3355; x_wconf 91' lang='lat' dir='ltr'><strong>an</strong></span> <span class='ocrx_word' id='word_1_245' title='bbox 430 3296 540 3356; x_wconf 85' lang='lat' dir='ltr'><strong>oblitus</strong></span> <span class='ocrx_word' id='word_1_246' title='bbox 555 3298 643 3372; x_wconf 87' lang='lat' dir='ltr'><strong>patrii</strong></span> <span class='ocrx_word' id='word_1_247' title='bbox 657 3297 843 3358; x_wconf 86' lang='lat' dir='ltr'><strong>contendere</strong></span> <span class='ocrx_word' id='word_1_248' title='bbox 858 3297 975 3356; x_wconf 86' lang='lat' dir='ltr'><strong>discam</strong></span> 
     </span>
     <span class='ocr_line' id='line_1_39' title="bbox 220 3377 950 3453; baseline -0.003 -13"><span class='ocrx_word' id='word_1_249' title='bbox 220 3387 257 3440; x_wconf 78' lang='lat' dir='ltr'><strong>to</strong></span> <span class='ocrx_word' id='word_1_250' title='bbox 309 3377 495 3440; x_wconf 84' lang='lat' dir='ltr'><strong>Sarmaticos</strong></span> <span class='ocrx_word' id='word_1_251' title='bbox 511 3395 609 3453; x_wconf 88' lang='lat' dir='ltr'><strong>arcus,</strong></span> <span class='ocrx_word' id='word_1_252' title='bbox 630 3389 660 3441; x_wconf 90' lang='lat' dir='ltr'><strong>et</strong></span> <span class='ocrx_word' id='word_1_253' title='bbox 674 3381 776 3441; x_wconf 89' lang='lat' dir='ltr'><strong>trahar</strong></span> <span class='ocrx_word' id='word_1_254' title='bbox 790 3388 853 3440; x_wconf 85' lang='lat' dir='ltr'><strong>arte</strong></span> <span class='ocrx_word' id='word_1_255' title='bbox 869 3380 950 3440; x_wconf 74' lang='lat' dir='ltr'><strong>loci?</strong></span> 
     </span>
     <span class='ocr_line' id='line_1_40' title="bbox 265 3461 1159 3540; baseline -0.007 -17"><span class='ocrx_word' id='word_1_256' title='bbox 265 3461 333 3524; x_wconf 87' lang='lat' dir='ltr'><strong>Hoc</strong></span> <span class='ocrx_word' id='word_1_257' title='bbox 348 3479 474 3539; x_wconf 91' lang='lat' dir='ltr'><strong>quoque</strong></span> <span class='ocrx_word' id='word_1_258' title='bbox 488 3479 538 3523; x_wconf 91' lang='lat' dir='ltr'><strong>me</strong></span> <span class='ocrx_word' id='word_1_259' title='bbox 553 3465 685 3524; x_wconf 87' lang='lat' dir='ltr'><strong>studium</strong></span> <span class='ocrx_word' id='word_1_260' title='bbox 700 3462 862 3540; x_wconf 90' lang='lat' dir='ltr'><strong>prohibent</strong></span> <span class='ocrx_word' id='word_1_261' title='bbox 876 3463 1040 3524; x_wconf 86' lang='lat' dir='ltr'><strong>adsumere</strong></span> <span class='ocrx_word' id='word_1_262' title='bbox 1057 3461 1159 3524; x_wconf 78' lang='lat' dir='ltr'><strong>vires=</strong></span> 
     </span>
    </p>
   </div>
   <div class='ocr_carea' id='block_1_4' title="bbox 0 0 1207 3940">
    <p class='ocr_par' dir='ltr' id='par_1_6' title="bbox 0 0 1207 3940">
     <span class='ocr_line' id='line_1_41' title="bbox 0 0 1207 3940; baseline 0 0"><span class='ocrx_word' id='word_1_263' title='bbox 0 0 1207 3940; x_wconf 95' lang='lat' dir='ltr'><strong> </strong></span> 
     </span>
    </p>
   </div>
  </div>
 </body>
</html>
