2450 3932
191 191 230 258 12
589 187 819 251 TRISTIUM

271 343 335 402 lam
353 342 435 403 feror
450 340 480 400 in
498 355 632 416 pugnas,
648 335 678 400 et
693 341 830 401 nondum
848 354 965 400 cornua
981 337 1114 417 sumpsi,
1205 331 1206 414 l

316 426 379 484 Nee
395 423 468 484 mihi
488 424 629 484 sumendi
647 440 743 485 eausa
759 424 800 485 sit
814 422 892 498 ulla,
909 423 1011 483 velim.
1205 421 1206 502 J

274 509 378 569 Circus
393 507 493 568 adhue
509 514 620 567 cessat.
657 509 774 583 spargit
788 515 890 569 tannen
904 522 978 566 aeer
996 522 1125 566 arenam

220 599 256 654 30
306 593 441 666 Taurus,
460 598 490 652 et
507 591 618 652 inlesto
636 592 696 652 iam
714 593 793 668 pede
810 591 914 666 pulsat
928 590 1066 650 humum.

271 676 337 738 Hoc
349 691 482 752 quoque,
491 676 683 752 quamvolui,
696 679 766 752 plus
773 681 829 736 est.
843 689 929 750 eane,
939 674 1037 746 Musa,
1049 681 1200 750 receptus,

314 761 393 820 Dum
410 760 481 820 lieet
495 758 567 820 huie
584 776 694 821 nomen
711 759 905 822 dissimulare
921 773 1022 819 suum.

193 894 262 995 10·
281 896 339 991 llle
355 946 412 1006 ego
429 931 481 1005 qui
496 930 619 1003 luerim,
638 937 812 990 tenerorum
831 931 918 990 lusor
932 945 1082 1003 amorum,

315 1015 410 1088 Quem
424 1015 517 1090 legis,
534 1020 568 1074 ut
582 1014 681 1089 noris,
699 1013 806 1089 accipe
822 1015 997 1089 posteritas.

274 1097 378 1159 Sulmo
396 1098 468 1158 mihi
483 1098 582 1172 patria
596 1104 659 1171 est,
673 1097 783 1172 gelidis
801 1097 972 1157 uberrimus
989 1097 1096 1173 undiS,

312 1181 396 1241 Milia
414 1183 465 1256 qui
483 1181 590 1242 novies
607 1182 699 1242 distet
714 1181 753 1241 ab
769 1181 852 1242 Urbe
868 1181 985 1241 decem.

244 1264 382 1326 additus
398 1266 469 1325 hinc
486 1281 543 1342 ego
561 1283 645 1340 sum,
663 1280 721 1325 nee
738 1281 801 1325 non
818 1271 853 1324 ut
868 1272 1008 1340 tempora
1026 1267 1127 1340 noris,

314 1348 389 1408 Cum
407 1350 516 1410 cecidit
531 1350 592 1409 sato
609 1350 718 1410 consul
734 1356 863 1423 uterque
879 1349 960 1424 pari:

273 1431 306 1492 Si
323 1432 397 1507 quid
414 1433 445 1492 id
463 1439 524 1506 est,
544 1449 645 1506 usque
660 1447 679 1492 a
697 1432 823 1508 proavis
839 1440 928 1494 vetus
948 1432 1067 1493 ordinis
1086 1433 1186 1508 liores,

312 1515 379 1574 Non
395 1516 487 1575 modo
503 1517 643 1576 fortunae
658 1532 784 1576 munere
802 1517 902 1576 laetus
918 1531 1025 1590 eques.

272 1600 335 1658 Nee
350 1601 442 1674 stirps
459 1599 622 1675 primatui.
659 1599 763 1674 genito
783 1601 958 1660 cumfratre
975 1608 1113 1677 creatus,

224 1695 258 1747 lo
314 1683 370 1756 Qui
384 1683 482 1744 trihus
496 1690 566 1743 ante
581 1689 689 1758 quater
703 1683 861 1744 mensibus
878 1690 962 1744 ortus
978 1691 1054 1744 erat.

272 1767 395 1827 Lucifer
409 1767 566 1828 amborum
582 1767 735 1828 natalibus
750 1766 837 1827 affuit
849 1767 946 1828 idem=
1027 1817 1029 1820 .

312 1851 381 1911 Una
397 1850 549 1912 celebrata
564 1857 612 1911 est
626 1867 682 1926 per
696 1852 757 1913 duo
772 1851 834 1912 liba
849 1852 927 1913 dies.

273 1934 356 1994 llaec
371 1941 418 1994 est
433 1935 594 1995 armiferae
609 1935 696 1996 lestis
716 1936 754 1995 de
771 1935 906 2010 quinque
921 1935 1093 2010 Minervae,

315 2017 399 2090 Quae
414 2018 479 2078 fieri
495 2034 600 2092 pugna
614 2019 714 2094 prima
729 2027 854 2080 eruenta
868 2022 957 2080 solet.

224 2107 257 2162 15
270 2099 411 2161 Protinus
427 2101 595 2161 excolimur
609 2104 719 2177 teneri,
735 2119 872 2178 curaque
887 2102 1023 2179 parentis

312 2184 396 2244 Imus
413 2185 453 2245 ad
469 2185 605 2258 insignes
620 2185 712 2248 Urbis
733 2187 772 2248 ab
788 2194 853 2248 arte
867 2187 961 2247 viros.

273 2267 379 2328 Frater
394 2268 435 2327 ad
447 2269 603 2343 eloquium
618 2271 709 2332 viridi
723 2270 869 2332 tendebat
884 2269 922 2330 ab
943 2286 1032 2345 aevo,

313 2351 417 2412 Fortia
430 2352 555 2413 verbosi
573 2362 663 2416 natus
679 2357 719 2416 ad
734 2371 818 2416 arma
833 2355 900 2417 lori.

273 2435 314 2495 Aa
326 2435 400 2496 mihi
417 2435 476 2497 iam
492 2454 590 2514 puero
608 2439 751 2500 caelestia
768 2455 858 2500 saera
873 2438 1046 2514 placebant,

221 2523 258 2579 πο
311 2521 408 2596 Inque
428 2538 516 2582 suum
530 2523 631 2584 furtim
646 2523 735 2583 Musa
754 2522 892 2584 trahebat
907 2538 996 2600 opus.

275 2604 377 2679 Saepe
392 2612 479 2681 pater
493 2605 569 2665 dixit
583 2606 736 2668 ‘Studium
752 2606 826 2682 quid
841 2606 945 2668 inutile
959 2613 1119 2682 temptast

314 2688 494 2748 Maeonides
509 2690 609 2749 nullas
625 2691 693 2764 ipse
707 2690 830 2765 reliquit
844 2694 945 2766 opes!

272 2770 374 2831 Motus
389 2788 472 2832 eram
488 2771 592 2849 dietis,
607 2780 733 2850 totoque
747 2774 894 2835 Helicone
907 2775 1012 2834 relicto

314 2854 455 2916 Scribere
470 2858 605 2918 conabar
620 2858 714 2918 verba
729 2861 830 2919 soluta
841 2859 951 2920 modis.

222 2939 257 2992 25
273 2937 390 3016 Sponte
403 2955 459 3000 sua
474 2956 596 3001 carmen
612 2958 755 3004 numeros
771 2942 913 3003 veniebat
927 2942 965 3002 ad
982 2949 1086 3018 aptos,

313 3023 351 3082 Et
365 3025 448 3098 quod
463 3027 649 3102 temptabam
666 3027 784 3100 dicere,
801 3042 908 3087 versus
925 3032 999 3086 erat.

272 3104 391 3167 Interea
404 3109 495 3171 tacito
511 3127 608 3186 passu
623 3109 795 3172 labentibus
810 3110 898 3171 annis

310 3191 448 3253 Liberior
464 3195 546 3255 fratri
561 3203 683 3272 sumpta
699 3195 833 3271 mihique
847 3202 920 3270 toga
932 3201 987 3266 est,

272 3274 471 3350 induiturque
485 3278 618 3340 hurnerIs
636 3296 705 3340 eum
719 3279 780 3340 lato
797 3295 932 3356 purpura
947 3279 1045 3354 clavo,

222 3361 259 3419 ⁸0
311 3357 350 3419 Et
364 3359 495 3420 studium
510 3361 599 3421 nobis
616 3365 700 3438 quod
715 3364 770 3424 luit
785 3371 868 3439 ante,
884 3367 994 3422 manet.

272 3442 398 3518 lamque
414 3444 520 3504 decem
536 3446 614 3506 ritae
630 3447 721 3507 frater
734 3449 942 3524 geminaverat
960 3460 1072 3525 annos,
