2394 3940
346 227 388 300 11,
411 223 445 301 l,
469 227 588 303 tte-2,
611 228 661 292 69.

58 393 83 444 tt
124 381 181 443 Sed
194 397 255 442 non
271 391 328 458 per
342 382 483 456 placidas
498 383 520 444 it
533 399 603 445 meu
616 387 730 464 puppis
745 405 855 464 aquas.

87 468 153 527 Tuta
166 471 272 542 petant
286 464 346 527 ulii.
377 464 513 528 Fortuna
527 467 696 532 miserrima
711 479 774 534 tuta
790 481 851 534 est=

56 558 81 610 tt
123 550 193 611 Nam
206 549 297 612 timor
311 556 440 610 eventus
455 551 616 615 deterioris
631 553 729 616 abest.

56 641 80 695 tt
90 635 137 709 Qui
151 634 265 711 rapitur
280 640 443 709 spumante
458 635 534 709 salo,
559 653 618 698 sua
630 637 757 700 brachiu
772 640 851 701 cauti

120 717 252 794 porrigit,
276 724 307 778 et
321 719 430 793 spinas
445 717 584 795 duraque
600 738 678 782 saxa
692 723 783 798 capit.

86 803 261 878 accipitrem
276 810 417 863 metuens
433 804 542 878 pennis
558 805 779 880 trepidantibus
794 808 860 868 aies

120 887 216 948 Audet
230 885 271 946 ad
286 885 439 946 humanos
455 887 541 948 fessa
554 888 660 948 venire
676 890 773 952 sinus.

86 970 138 1030 Nec
152 987 185 1030 se
200 970 302 1030 vicino
317 970 434 1032 dubitat
448 972 636 1033 committere
651 980 740 1048 tecto,

57 1063 81 1115 te
123 1055 202 1129 Quae
217 1055 294 1130 iugit
307 1054 437 1116 iniestes
452 1057 555 1116 territa
570 1073 662 1118 cerva
677 1071 779 1120 canes.

87 1139 132 1211 Da,
154 1155 273 1214 precor,
294 1153 457 1200 accessum
473 1140 615 1214 lacrimis,
638 1141 806 1217 mitissime,
828 1142 954 1203 nostris=

119 1223 177 1283 Nec
192 1222 323 1297 rigidam
337 1222 451 1283 timidis
467 1223 596 1287 vocibus
613 1224 693 1287 obde
708 1226 819 1287 ioremr

87 1306 240 1381 Verbaque
254 1312 361 1366 nostro
375 1308 484 1368 favens
499 1308 638 1370 Romana
652 1310 693 1370 ad
709 1311 833 1372 numina
847 1309 957 1388 perier,

121 1390 183 1451 Non
199 1389 252 1451 tibi
265 1389 397 1465 Tarpeio
412 1394 493 1452 culta
507 1393 643 1454 Tonante
657 1395 768 1457 minus.

59 1473 275 1549 ttiiandatique
290 1473 350 1534 mei
364 1476 484 1550 legatus
499 1478 625 1553 suscipe
639 1493 779 1540 causam=

121 1558 205 1619 Nulla
218 1574 288 1619 meo
304 1559 445 1634 quemvis
461 1561 583 1622 nomine
598 1577 693 1623 causa
706 1561 789 1625 bona
803 1568 860 1622 est.

88 1642 141 1701 iam
154 1657 251 1719 prope
265 1642 437 1718 depositus,
461 1651 543 1706 certe
558 1646 617 1705 iam
633 1647 761 1722 irigidus
775 1660 876 1721 aeger,

122 1725 264 1788 Servatus
282 1742 337 1802 per
351 1735 389 1803 te,
411 1730 546 1790 simodo
563 1745 680 1801 servor,
704 1746 768 1790 ero.

90 1809 163 1871 Nunc
177 1817 230 1872 tua
243 1825 301 1886 pro
317 1812 410 1872 lassis
426 1813 537 1874 nitatur
553 1811 651 1888 gratia
665 1813 766 1885 rebus,

60 1901 85 1952 tt
124 1893 268 1971 Principis
283 1896 398 1956 aeterni
413 1913 503 1972 quam
518 1897 570 1957 tibi
585 1903 722 1973 praestat
736 1911 830 1957 amor.

90 1977 163 2040 Nunc
176 1978 229 2039 tibi
244 1986 274 2039 et
288 1980 402 2055 eloquii
417 1981 497 2042 nitor
510 1982 560 2042 itte
576 1980 762 2043 domesticus
777 1981 867 2058 adsit,

125 2063 185 2137 Quo
203 2070 328 2140 poteras
343 2064 471 2140 trepidis
485 2067 567 2128 utitis
583 2081 655 2128 csse
669 2067 741 2127 reis.

93 2143 162 2206 Vivit
175 2148 255 2208 enim
269 2148 300 2208 in
314 2148 404 2210 vobis
420 2151 543 2211 iucundi
559 2152 662 2228 lingue
676 2150 821 2226 parentis

124 2231 158 2292 Et
170 2249 221 2293 res
235 2231 381 2294 heredem
395 2235 532 2310 repperit
545 2235 597 2296 iliu
612 2252 709 2297 suurn.

61 2313 168 2376 taliane
182 2331 249 2392 ego,
272 2333 334 2377 uon
349 2325 383 2378 ut
397 2333 446 2379 me
460 2319 628 2380 defendere
641 2327 775 2396 temptet,
796 2319 907 2380 adcro=

126 2400 188 2460 Non
205 2408 252 2461 est
266 2401 403 2462 confessi
419 2419 515 2465 causa
529 2404 642 2464 tuenda
656 2404 709 2462 rei.

90 2481 158 2542 Num
171 2492 270 2546 tamen
285 2501 418 2547 excuses
434 2486 547 2549 erroris
563 2487 681 2562 origine
695 2487 816 2557 iactum,

124 2569 170 2628 rin
184 2570 257 2630 nihii
272 2570 419 2646 expediat
433 2573 492 2632 tale
508 2586 641 2645 movere,
664 2569 745 2630 vide.

91 2651 224 2716 Vulneris
240 2654 272 2714 id
287 2669 385 2729 genus
401 2662 456 2730 est,
479 2657 648 2731 quodcum
663 2652 800 2714 sanabile
815 2665 876 2712 non
895 2653 944 2728 sit,

59 2739 85 2795 tt
125 2735 188 2797 Non
204 2739 385 2800 contrectari
399 2740 491 2802 tutius
508 2755 579 2800 esse
595 2746 678 2816 puto.

88 2817 202 2895 Lingua,
223 2822 291 2884 sile.
326 2837 386 2882 non
402 2831 450 2885 est
465 2825 544 2885 ultra
558 2821 710 2884 narrabile
726 2821 898 2896 quicquam.

122 2902 214 2966 Posse
227 2907 320 2966 veiim
336 2906 455 2969 eineres
471 2907 601 2968 obmere
616 2906 684 2983 ipse
698 2919 795 2966 meos.

20 3055 21 3060 ἵ
88 2983 133 3046 Sic
146 2988 241 3064 igitur,
265 2989 355 3067 quesi
370 3007 419 3051 me
436 2994 537 3052 nuilus
554 2990 710 3065 deceperit
724 3003 818 3063 error,

20 3065 21 3138 t
122 3071 223 3134 Verba
240 3075 318 3150 iace,
340 3082 373 3136 ut
388 3076 456 3151 vita,
478 3091 570 3150 quam
585 3074 671 3135 dedit
685 3074 763 3150 ipse,
787 3073 879 3134 iruar.

20 3193 22 3278 ι
54 3157 79 3213 tt
89 3152 216 3231 Cumque
230 3171 360 3219 serenus
376 3159 440 3232 erit,
463 3160 630 3234 vultusque
643 3157 794 3218 remiserit
807 3157 886 3234 iilos,

120 3238 174 3312 Qui
187 3257 292 3303 seeum
307 3249 404 3304 terras
419 3243 641 3319 imperiumque
654 3248 793 3303 movente

20 3281 22 3384 i
84 3320 224 3399 Exiguam
238 3342 278 3386 ne
292 3341 342 3386 me
357 3327 502 3402 praedam
518 3327 598 3389 sinet
612 3341 683 3388 esse
698 3325 848 3399 Getarum,

20 3403 22 3480 Ι
120 3408 234 3486 Detque
249 3410 349 3470 selum
364 3411 496 3472 miserae
509 3411 588 3483 mite,
612 3426 747 3488 precare,
768 3409 868 3484 rugae.

20 3491 22 3586 i
82 3490 209 3560 temous
225 3493 315 3556 adest
330 3501 432 3570 aptum
448 3495 600 3572 precibus.
632 3495 713 3554 vaiet
728 3495 796 3569 ipse
810 3490 955 3568 videtque
