2394 3940
342 218 371 292 1,
393 216 428 293 2,
450 216 607 281 arr—101.

108 367 242 446 Spesque
258 369 336 430 levis
351 385 461 443 magno
477 371 559 430 vicla
573 371 680 434 timore
695 375 785 435 cadil.

39 461 62 514 65
72 452 124 511 Nec
138 459 236 512 lamen
252 453 379 512 ulterius
396 455 558 528 quicquam
575 473 708 532 sperove
722 474 881 534 preserve,

106 535 196 608 Quam
209 537 288 598 male
303 543 416 597 mutato
434 551 528 610 posse
540 553 645 600 carere
658 542 740 602 loco.

70 620 123 679 Aut
137 618 209 692 hoc,
226 625 277 678 aul
292 620 364 679 nihil
380 627 441 691 est,
461 637 518 695 pro
534 638 582 680 me
601 631 748 698 temptare
762 627 902 688 modeste

107 703 202 763 Gratia
222 705 306 778 quod
322 705 411 764 salvo
426 713 530 765 vestra
545 707 664 779 pudore
680 716 778 781 queat.

73 784 203 862 suscipe,
219 788 378 848 Romanae
393 788 550 864 facundia,
570 789 717 863 Maxime,
736 794 865 868 linguae,

39 877 62 930 lu
105 870 237 930 Difficilis
254 886 368 938 causae
382 873 453 932 mile
469 874 682 947 palrocirrium.

72 953 115 1012 list
127 955 217 1028 mala,
234 955 391 1015 confiteor.
418 955 474 1016 sed
490 963 520 1016 le
538 956 620 1016 bona
636 958 689 1018 fiet
702 967 819 1034 agente.

104 1037 192 1097 Lenia
204 1054 262 1112 pro
277 1039 389 1099 misera
403 1041 452 1098 lac
472 1040 565 1100 modo
586 1041 680 1100 verba
697 1043 780 1116 ruga.

73 1121 160 1182 Nescit
173 1120 252 1181 euim
267 1121 396 1197 Caesar,
415 1125 557 1198 quamvis
574 1124 651 1184 deus
667 1127 767 1186 omnia
783 1127 871 1202 norit,

106 1205 227 1266 illimus
242 1206 292 1264 hic
310 1223 372 1282 qua
385 1206 426 1266 sit
439 1207 622 1268 condicione
639 1209 736 1270 locus.

41 1295 62 1348 :a
72 1288 167 1363 Magna
180 1298 284 1350 tenent
296 1290 371 1350 illud
385 1306 496 1350 numen
510 1292 666 1352 molimina
679 1309 794 1354 rerum:

105 1373 181 1432 llaec
198 1375 244 1434 esl
259 1373 383 1433 caelesli
398 1381 523 1448 peolore
543 1390 616 1435 cura
630 1377 737 1437 minor.

75 1456 124 1516 Nec
142 1465 240 1531 vacat,
257 1459 287 1517 in
305 1473 367 1531 qua
386 1459 447 1518 sini
460 1459 551 1531 posili
566 1460 691 1534 regione
706 1461 849 1534 Tomitae,

108 1539 264 1614 Quaerere,
280 1541 407 1601 finitimo
429 1542 480 1600 vix
499 1543 566 1602 loca
583 1549 655 1602 nola
669 1544 777 1604 Gelae:

76 1624 124 1684 dul
136 1625 205 1698 quid
220 1624 421 1686 Sauromatae
437 1626 563 1699 iaciant,
585 1627 657 1700 quid
674 1629 804 1703 lazyges
822 1643 919 1704 acres,

43 1712 65 1763 lo
107 1708 245 1784 Crdtaque
261 1708 406 1768 Oresteae
420 1708 549 1769 Taurica
562 1716 643 1769 tarra
658 1711 750 1770 deae:

77 1789 201 1866 Quaeque
215 1793 292 1852 aliae
306 1799 428 1866 gentes,
446 1793 497 1854 ubi
513 1794 624 1866 frigore
640 1795 773 1854 eonslilit
786 1795 896 1866 Hister,

107 1876 180 1935 Dura
193 1883 294 1935 meant
309 1877 400 1935 celeri
414 1884 500 1952 terga
514 1893 570 1954 per
584 1877 681 1936 amnis
698 1893 788 1951 equo.

76 1957 188 2018 Maxima
211 1976 279 2036 pars
299 1960 455 2020 hominurn
471 1976 528 2019 nec
544 1969 587 2034 le,
604 1962 821 2035 pulcherrima,
845 1968 938 2038 cural,

107 2043 209 2113 Roma,
230 2059 287 2103 uec
301 2045 431 2104 Ausonii
447 2043 549 2104 militis
565 2061 648 2104 arma
667 2045 758 2104 limet.

44 2122 139 2186 ulau
151 2126 207 2186 illis
222 2127 341 2187 animos
357 2144 446 2188 arcus
462 2129 635 2204 plenaeque
649 2129 820 2204 pharetrae,

108 2209 253 2285 Quamque
268 2211 340 2272 libel
354 2211 454 2286 longis
472 2212 611 2272 cursibus
626 2221 716 2288 aptus
733 2229 840 2288 equus,

79 2289 207 2368 Quodque
223 2297 303 2355 silim
318 2297 453 2356 didicere
469 2297 521 2356 diu
535 2297 666 2357 tolerare
681 2299 861 2370 lamemque,

109 2375 246 2454 Quodque
264 2396 399 2455 sequens
415 2381 515 2439 nullas
531 2381 629 2441 hostis
644 2379 767 2439 habebit
781 2395 889 2453 aquas.

77 2457 114 2516 lra
125 2461 177 2520 viri
190 2464 269 2523 mitis
287 2481 348 2524 non
368 2479 416 2523 me
435 2464 614 2523 misissetin
631 2464 729 2534 islam,

44 2544 66 2596 lo
107 2542 134 2602 Si
148 2547 219 2606 satis
237 2548 314 2607 haec
327 2548 370 2619 illi
385 2555 458 2606 nola
473 2547 583 2607 luisset
601 2548 721 2607 humus.

77 2625 123 2685 Nec
138 2645 195 2703 me,
211 2647 267 2690 neo
283 2647 468 2705 quemquam
483 2631 654 2691 Romanum
669 2632 782 2705 gaudet
796 2627 834 2688 ab
851 2627 946 2700 husie,

107 2710 207 2785 Meque
226 2715 340 2786 minus,
359 2716 450 2774 vidum
466 2715 514 2773 cui
530 2715 622 2774 dabat
636 2717 718 2790 ipse,
734 2713 813 2788 capi.

77 2790 170 2860 lloluil,
186 2804 217 2855 ul
232 2806 364 2872 poterat,
380 2799 503 2858 minimo
521 2815 569 2857 me
584 2800 714 2873 perdere
733 2804 817 2858 nulu.

109 2876 146 2935 Nil
166 2896 243 2952 opus
259 2890 308 2941 est
321 2883 389 2940 ullis
405 2882 435 2940 iu
451 2898 520 2942 mea
534 2883 595 2941 lala
611 2883 703 2942 deus.
826 2944 829 2948 .

45 2953 232 3034 luscumque,
246 2981 450 3038 curmorerer,
466 2967 630 3039 quicquam
638 2964 980 3040 mihieomperilaclum,

22 3079 24 3114 z
109 3041 139 3101 El
153 3047 248 3106 ruiuus
269 3049 413 3121 infestus,
435 3065 525 3123 quarn
542 3049 609 3120 luit,
627 3065 698 3109 esse
712 3054 824 3124 polest.

22 3139 24 3190 l
75 3120 141 3183 Tunc
156 3147 277 3205 quoque
293 3133 331 3190 nil
348 3133 433 3203 lecit,
450 3132 509 3192 nisi
526 3133 610 3207 quod
631 3135 732 3193 lacere
747 3133 815 3206 ipse
830 3131 942 3206 coegie

22 3239 24 3260 .
107 3208 197 3272 Praene
212 3217 302 3272 eliam
322 3217 428 3276 merito
445 3216 566 3290 parcior
584 3217 711 3278 immeo
726 3223 783 3276 esa

22 3263 24 3336 i
75 3289 101 3346 lli
116 3294 220 3357 luciani
234 3300 340 3372 igilur,
358 3315 487 3375 quorum
503 3300 689 3362 iustissimus
704 3301 773 3376 ipse
787 3304 845 3372 esl,

22 3373 67 3446 plau
109 3379 189 3438 Alma
210 3383 281 3442 nilril
299 3384 395 3442 maius
411 3383 542 3442 Caesare
557 3391 636 3443 derra
651 3385 742 3444 lerata

22 3455 24 3502 l
76 3458 159 3532 thue
173 3465 223 3525 diu
239 3468 298 3526 sub
314 3483 350 3524 eo
365 3468 404 3527 sil
418 3467 542 3542 publica
557 3467 678 3528 sarcina
692 3482 802 3536 rerum,
