2492 3926
423 241 475 314 tv,
498 238 675 302 too-840.

125 389 339 464 Mutantesque
355 389 478 451 domum
493 390 580 449 tectis
596 390 768 465 agrestibus
781 389 881 466 ignem

166 473 205 531 Et
220 479 397 534 cessaturae
410 471 616 548 supposuisse
632 488 732 546 casae,

54 570 110 624 805
124 558 182 617 Per
196 556 336 617 flammas
352 557 484 618 saluisse
499 571 610 632 pecus,
627 556 759 616 saluisse
774 557 924 616 colonost

168 641 258 714 Quod
272 640 307 700 fit
321 640 411 699 natali
426 655 507 698 nunc
522 655 661 715 quoquc,
676 641 788 712 Roma,
803 647 867 699 tuo.

126 725 196 800 Ipse
212 726 298 784 iocus
314 737 426 784 causas
444 722 504 782 vati
520 723 600 782 iacit.
629 723 718 784 Urbis
736 724 821 797 origo

166 807 267 866 Venit.
297 807 373 866 ades
389 805 493 881 iactis,
507 821 617 881 magne
632 806 768 880 Quirine,
787 805 860 866 tuis!

126 891 188 950 Iam
204 893 302 950 inerat
323 905 440 966 poenas
461 891 553 949 irater
565 890 745 962 Numitoris,
762 897 791 948 et
806 905 895 950 otnne

57 984 115 1037 eto
167 974 329 1034 Pastorum
345 974 466 1048 gemino
482 973 538 1034 sub
555 973 632 1034 duce
646 974 756 1048 volgus
772 981 845 1032 erat.

128 1056 311 1118 contrahere
327 1065 465 1132 agrestes
481 1065 511 1118 et
525 1058 646 1117 moenia
660 1071 775 1132 ponere
790 1056 907 1130 utrique

169 1139 327 1201 Convenit.
356 1141 531 1218 ambigitur,
548 1139 669 1200 moenie
682 1147 777 1215 ponat
789 1147 865 1199 uter.

126 1223 185 1283 ‘Nil
202 1240 281 1299 opus
298 1229 356 1284 est'
373 1225 449 1284 dixit
463 1225 650 1284 ‘certamine’
665 1224 813 1284 Romulus
828 1223 918 1282 ‘ultor

166 1308 279 1382 Magna
293 1309 373 1368 fides
389 1310 488 1368 avium
504 1314 560 1368 est.
589 1307 780 1383 experiamur
794 1311 891 1366 aves.’

59 1396 112 1450 815
126 1391 190 1453 Res
206 1393 316 1466 piacet.
346 1393 422 1452 ulter
436 1393 500 1452 adit
513 1391 667 1452 nemorosi
684 1407 760 1452 saxa
773 1389 881 1450 Palatia

166 1475 254 1534 Alter
267 1475 451 1534 Aventinum
465 1490 555 1535 mane
570 1489 714 1534 cacumen
731 1474 793 1533 init.

126 1557 189 1618 Sex
201 1559 332 1632 RenruS,
348 1558 398 1618 hic
415 1559 554 1620 volucres
575 1557 624 1617 bis
645 1573 700 1617 sex
721 1556 934 1626 videturdine.
964 1564 1052 1631 pacto

170 1641 286 1716 Stator,
302 1649 333 1702 et
346 1641 500 1702 arbitrium
514 1642 662 1702 Romulus
677 1640 762 1702 urbis
777 1639 877 1700 habet.

124 1727 206 1800 Apta
223 1723 290 1784 dies
306 1725 428 1802 legitur,
446 1741 507 1799 quc
520 1725 643 1785 moenia
659 1724 759 1800 signat
774 1729 883 1783 aratro.

60 1818 114 1872 820
174 1807 269 1867 Sacra
283 1807 363 1868 Palis
379 1808 532 1868 suberant.
563 1808 634 1868 inde
648 1815 787 1868 movetur
802 1823 891 1882 opus.

124 1891 225 1953 Fossa
238 1890 272 1950 tit
287 1891 327 1950 ad
341 1892 484 1953 solidum.
519 1892 622 1966 fruges
638 1891 786 1952 iaciuntur
799 1891 829 1950 in
845 1890 912 1963 ima,

167 1975 205 2034 Et
219 1975 259 2034 de
275 1974 376 2038 vicino
392 1982 473 2035 terra
488 1975 581 2051 petita
599 1976 678 2035 seio.

124 2058 224 2119 Fossa
238 2059 372 2132 repletur
385 2058 493 2130 humo,
512 2060 683 2134 plenaeque
696 2058 861 2133 imponitur
874 2075 935 2133 ara,

168 2142 205 2200 ttt
219 2157 321 2201 novus
337 2157 470 2202 accenso
486 2143 618 2217 iungitur
633 2143 702 2217 igne
717 2143 816 2203 sonus.

60 2225 202 2285 8101000
217 2239 362 2299 premens
378 2226 488 2286 stivam
508 2226 649 2300 designat
663 2226 783 2286 moenia
799 2228 901 2287 sulco:

166 2307 248 2367 Alba
262 2307 364 2383 iugum
378 2309 468 2368 niveo
485 2324 553 2368 cum
566 2309 648 2368 bove
662 2325 758 2368 vacca
772 2309 846 2368 tuiit.

124 2392 197 2450 Vox
213 2391 268 2450 iuii
282 2391 359 2451 haec
373 2394 473 2466 regis:
501 2391 677 2466 ε000000ιί,
693 2391 843 2466 Iuppiter,
860 2394 966 2452 urbem

169 2473 207 2534 Et
221 2473 341 2548 genitor
352 2473 478 2538 Mavors
493 2477 653 2549 Vestaque
672 2481 780 2548 mater,
796 2475 887 2534 adest

127 2557 276 2632 Quosque
292 2559 374 2632 pium
390 2566 437 2619 est
454 2559 600 2618 adhibere
616 2559 708 2633 deos,
725 2558 872 2618 advertite
889 2557 1003 2618 cunctit

58 2643 111 2697 830
169 2641 358 2715 auspicibus
373 2642 462 2703 vobis
477 2642 537 2702 boc
552 2642 624 2701 mihi
640 2648 745 2717 surgat
760 2657 849 2717 opus.

123 2725 232 2798 Longa
246 2724 286 2784 sit
300 2724 372 2785 huic
386 2733 471 2786 aetas
487 2727 689 2800 dominaeque
706 2725 840 2801 potentia
854 2731 962 2797 terrae,

169 2806 278 2883 Sitque
293 2808 350 2868 sub
365 2809 425 2869 hac
440 2811 541 2869 oriens
558 2810 768 2884 occiduusque
783 2809 874 2869 dies?

122 2892 177 2951 1110
192 2891 385 2966 precabatur.
415 2894 527 2954 tonitru
542 2893 627 2954 dedit
641 2893 742 2952 omina
756 2893 844 2953 laevo

165 2975 316 3049 Iuppiter,
332 2982 362 3035 et
376 2977 464 3036 laevo
480 2977 605 3036 fulmina
618 2977 714 3036 missu
729 2977 812 3051 poio.

55 3067 108 3121 835
124 3057 263 3132 Auguria
278 3058 349 3117 laeti
365 3057 477 3120 iaciunt
491 3060 667 3119 fundamina
682 3060 776 3134 cives,

166 3141 203 3200 Et
218 3157 318 3201 novus
333 3143 445 3216 exiguo
461 3149 599 3219 tempore
613 3160 718 3203 murus
735 3149 808 3202 erat.

122 3223 190 3283 Hoc
205 3223 293 3284 Celer
307 3234 395 3300 urget
409 3243 503 3302 opus,
521 3243 612 3302 quem
626 3227 776 3288 Romulus
791 3225 859 3301 ipse
875 3231 1005 3299 vocarat,

168 3306 338 3382 ‘Sint’qua
358 3309 472 3384 ς00100,
491 3315 596 3370 curac’
614 3310 733 3370 dixerat
749 3309 822 3370 ‘ista
838 3317 917 3370 tuae.

121 3389 208 3450 Neue
223 3390 293 3465 quis
315 3399 367 3451 aut
381 3409 502 3466 muros,
519 3402 571 3453 aut
585 3393 695 3453 iactam
710 3408 835 3454 vomere
850 3392 966 3453 iussam

52 3481 107 3535 810
165 3474 330 3550 ibanseat,
347 3477 510 3536 audentem
525 3476 597 3536 talia
612 3477 692 3537 dede
705 3477 796 3536 neci!

793 3564 849 3622 19*
