2450 3932
168 245 189 308 o
278 211 281 228 '
557 232 785 296 rarsrruu

233 397 296 458 Nec
309 395 402 454 letum
415 391 517 452 timeo.
553 402 650 465 genus
666 393 713 446 cst
726 385 900 446 miserabile
914 385 976 446 leti.

275 477 393 540 Demitc
407 472 612 550 naufragium,
628 486 710 531 mors
725 470 799 535 mihi
814 485 923 530 munus
937 469 1003 531 erit.

233 565 289 625 Est
303 560 435 638 aliquid,
452 560 556 618 lalovc
570 571 627 616 suo
643 555 765 615 ferrove
780 555 940 615 cadentem

275 649 310 706 ln
324 645 425 706 solide
439 643 573 704 moriens
588 654 705 716 ponere
720 654 834 716 corpus
849 639 953 715 humo,

186 740 220 796 55
233 733 271 792 Et
284 729 431 791 mandare
445 728 525 801 suis,
541 724 645 799 aliqua
659 730 712 784 aut
725 738 851 799 sperare
866 723 1040 800 sepulchra,

274 816 313 874 Et
325 829 387 873 non
402 809 564 888 aequoreis
579 807 718 884 piscibus
733 823 804 868 esse
820 808 931 870 cibum.
960 877 974 887 „

234 898 351 974 Fingite
365 912 414 956 mc
429 895 554 971 dignum
567 892 620 953 tali
634 906 725 966 nece,
740 906 802 952 non
817 907 874 967 ego
890 892 977 954 solus

277 983 333 1042 Hic
348 981 456 1040 vehor.
491 977 648 1038 inmeritos
663 990 718 1037 cur
728 991 797 1035 mea
810 990 913 1053 poena
926 977 1037 1039 trahite

234 1069 293 1127 Pro
309 1065 412 1143 superi
426 1062 607 1137 viridesque
620 1059 689 1136 dei,
705 1059 816 1135 quibus
831 1076 969 1136 aequore
983 1077 1082 1130 curae,

186 1161 222 1218 60
277 1151 415 1224 Utraque
429 1148 489 1208 iam
503 1152 624 1207 vestras
639 1144 738 1205 sistite
752 1143 841 1206 turba
854 1145 969 1205 minasz

236 1235 394 1310 Quamque
408 1232 494 1291 dedit
507 1231 601 1290 vitam
615 1228 777 1290 mitissima
791 1229 934 1290 caesaris
949 1229 1003 1304 ira,
1055 1267 1063 1280 ·

277 1319 363 1378 Hanc
379 1316 468 1378 sinite
482 1315 589 1376 infelix
603 1314 635 1376 in
647 1314 718 1374 loca
731 1316 817 1376 iussa
832 1315 936 1374 leram.

237 1402 284 1476 Si,
302 1417 393 1477 quam
408 1399 579 1474 conmerui,
595 1414 729 1476 poenam
743 1414 792 1458 mc
806 1398 943 1476 pendere
958 1399 1061 1473 vultis,

280 1485 377 1562 Culpa
391 1499 460 1544 mea
474 1490 521 1544 est
536 1484 607 1561 ipso
623 1483 727 1545 iudice
740 1490 839 1564 morte
853 1485 961 1545 minor.

186 1579 220 1634 65
235 1571 353 1631 Mittere
367 1585 416 1629 me
431 1568 555 1646 Stygias
571 1567 598 1628 si
612 1569 673 1628 iam
687 1568 841 1630 voluisset
854 1569 895 1630 ad
910 1569 1009 1629 undas

281 1655 409 1730 Caesar,
425 1652 456 1713 in
470 1653 530 1714 hoc
545 1659 649 1714 vestra
663 1668 725 1713 non
740 1653 877 1729 eguisset
893 1668 962 1730 ope.

234 1740 290 1799 Est
302 1738 345 1797 illi
358 1738 455 1798 nostri
469 1754 531 1798 non
545 1737 702 1799 invidiosa
715 1738 835 1798 cruoris
992 1811 994 1813 ¹

278 1822 382 1898 copia.
405 1823 552 1898 quodque
566 1823 666 1899 dedit,
690 1838 760 1883 cum
773 1823 873 1895 volet,
888 1822 956 1897 ipsc
971 1822 1056 1883 leret.

237 1909 303 1968 Vos
318 1907 427 1982 modo,
445 1923 524 1984 quos
541 1915 623 1969 certe
637 1909 736 1983 nullo,
752 1915 843 1985 puto,
858 1905 984 1966 crimine
998 1907 1086 1982 laesi,

188 1999 223 2057 to
280 1992 418 2052 Contenti
433 1993 548 2052 nostris
563 1991 639 2066 iam,
655 2008 781 2069 precor,
797 1999 864 2054 este
877 1990 980 2050 malis!

238 2075 302 2135 Sed
315 2081 432 2150 tamen,
448 2081 481 2136 ut
496 2075 595 2136 cuncti
610 2076 757 2137 miserum
772 2091 897 2136 servare
911 2075 1023 2152 velitis,

279 2159 369 2232 Quod
383 2159 488 2236 periit3
504 2160 625 2222 salvum
640 2176 702 2220 non
715 2166 806 2236 caput
819 2175 892 2221 esse
906 2166 1018 2235 potest.

238 2242 278 2303 Ut
292 2258 376 2303 mare
391 2243 533 2304 considat
546 2244 710 2319 ventisque
724 2244 891 2306 terentibus
908 2252 982 2317 utar,

279 2327 320 2388 Ut
332 2326 407 2386 mihi
420 2328 570 2402 parcatis,
587 2344 661 2388 num
674 2327 775 2391 minus
790 2329 862 2390 exul
876 2335 952 2389 erot

189 2417 223 2475 ta
237 2410 303 2471 Non
319 2426 377 2487 ego
393 2411 516 2472 divitias
531 2412 642 2473 avidus
658 2413 726 2473 sine
740 2413 802 2474 fine
815 2412 945 2490 parandi

278 2496 386 2558 Latum
400 2497 554 2558 mutandis
569 2497 724 2560 mercibus
740 2513 940 2575 aequorum:

236 2579 299 2639 Nec
311 2586 401 2657 peto,
418 2598 497 2658 quas
514 2582 671 2657 quondam
684 2582 759 2659 petii
773 2582 948 2657 studiosus,
964 2581 1121 2661 AtlrenaS,

281 2662 403 2741 Oppida
417 2680 479 2724 non
493 2666 605 2741 Asiae,
621 2682 683 2726 non
698 2666 771 2727 mihi
785 2667 854 2727 visa
868 2668 965 2743 priuS,

236 2747 304 2806 Non
316 2754 350 2809 ut
363 2748 533 2808 Alexandri
548 2751 663 2811 claram
676 2751 795 2812 delatus
811 2750 851 2811 ad
864 2752 971 2813 urbem

189 2838 223 2892 80
279 2831 411 2892 Delicias
426 2833 564 2910 videam,
578 2835 645 2895 Nile
659 2835 782 2908 iocose,
799 2842 878 2897 tuas.
918 2865 925 2872 ι

236 2913 325 2987 Quod
339 2917 446 2977 faciles
462 2925 536 2994 opto
551 2926 708 2996 ventos...
725 2920 795 2997 quis
811 2921 937 2981 credere
952 2921 1115 2997 possiti...

281 2998 427 3061 Sarmatis
443 3009 492 3064 est
504 3004 611 3079 tellus,
628 3021 721 3080 quem
735 3020 804 3065 mea
818 3006 887 3065 vela
901 3012 1018 3082 petunt

237 3080 376 3160 Obligor,
393 3092 425 3147 ut
435 3092 558 3163 tangam
572 3089 655 3148 laevi
670 3089 736 3150 iera
750 3089 840 3150 litore
853 3088 956 3150 Ponti:

281 3167 431 3246 Quodque
446 3171 486 3232 sit
500 3188 519 3232 a
532 3174 631 3248 putria
645 3179 707 3233 tam
722 3175 794 3248 fuga
808 3175 911 3246 tarda,
929 3189 1051 3249 queror.

188 3259 221 3315 86
236 3251 346 3313 Nescio
362 3271 423 3330 quo
438 3255 561 3317 videam
575 3258 696 3333 positos
711 3258 788 3319 utin
804 3258 878 3318 orbe
892 3258 1037 3331 Tomitas,

278 3337 398 3398 Exilem
411 3339 490 3400 iacio
507 3357 564 3418 pcr
577 3357 646 3404 mea
660 3350 734 3404 vota
747 3342 839 3402 viam.

238 3420 300 3483 Seu
314 3439 363 3482 me
378 3423 519 3500 diligitis,
536 3432 637 3486 tantos
653 3427 831 3504 conpescite
845 3425 968 3498 fluctus,

277 3505 438 3585 Pronaque
452 3510 514 3571 sint
526 3516 650 3571 nostrae
665 3512 789 3572 numina
802 3516 906 3572 vestra
921 3509 992 3570 rotie
