2492 3926
404 259 460 334 ΙΙΙ,
478 255 656 323 ale-418.

107 417 173 475 tam
190 413 318 474 dederat
331 409 423 472 Saliis
439 429 458 471 a
472 413 552 472 saltu
566 413 690 472 nomina
705 414 786 474 diota

151 501 310 570 Armaque
324 503 354 555 et
369 495 409 556 od
425 503 525 557 certos
540 495 636 556 verba
650 497 788 558 canenda
803 499 923 560 modos.

105 585 185 643 Turn
199 581 245 641 sic
259 579 442 640 Mamurium
465 579 596 640 ‘Merces
611 581 684 640 mihi
698 580 796 655 gloria
811 582 907 658 detur,

44 676 91 734 tto
149 665 341 739 Nominaque
356 671 490 724 extremo
506 663 640 724 carmine
655 673 760 724 nostra
774 669 907 726 sonent!

72 767 75 778 ·
107 749 184 810 lndc
199 748 379 809 sacerdotes
396 748 481 823 operi
495 746 650 824 promissa
664 755 784 810 vetusto

149 833 289 892 Praemia
303 832 492 907 persolvunt,
507 829 751 908 Mamuriumque
771 841 890 894 vocant.

106 915 229 978 Nubere
244 916 335 992 siqua
348 917 453 987 voles,
478 915 617 991 quamvis
632 915 835 994 properabitis
851 917 950 992 ambo,

150 999 255 1061 Differ.
283 999 397 1061 hebent
410 1015 527 1076 parvae
544 1002 705 1062 commoda
719 1017 829 1076 magna
842 1017 957 1063 morae.

47 1095 96 1150 ³95
111 1089 207 1146 Arma
220 1091 346 1144 movent
358 1099 488 1160 pugnas.
516 1100 620 1160 pugna
635 1091 683 1145 est
696 1087 795 1145 aliena
809 1085 934 1146 maritis.

152 1168 281 1228 Condita
294 1183 363 1228 curn
377 1167 495 1242 luerint,
512 1168 613 1243 aptius
629 1184 719 1230 omen
735 1169 801 1230 erit.

108 1253 165 1314 His
180 1252 272 1313 etiam
288 1252 421 1312 coniunx
436 1252 547 1327 apicati
566 1252 665 1313 cincta
678 1253 774 1313 Dialis

151 1335 286 1398 Lucibus
300 1336 432 1412 inpexas
448 1335 540 1396 debet
553 1336 667 1396 habere
682 1353 797 1398 eomas.

332 1471 362 1533 2.
384 1471 440 1532 EF
471 1473 511 1535 -3-
532 1473 586 1534 FC
628 1472 657 1534 4.
681 1473 736 1534 GC

108 1588 210 1649 Tertia
223 1603 287 1648 nox
302 1588 442 1650 dimensa
456 1607 531 1651 suos
547 1590 599 1651 ubi
613 1589 743 1650 moverit
759 1593 855 1668 ignes,
956 1619 961 1626 ·

44 1683 93 1735 loo
151 1671 297 1734 Conditus
312 1673 472 1748 egeminis
487 1673 628 1735 Piscibus
644 1676 721 1734 alter
735 1677 799 1736 crit.

111 1757 187 1816 Nam
204 1757 265 1818 duc
280 1764 361 1818 sunt
390 1757 502 1818 austris
516 1757 566 1818 hic
581 1766 637 1833 est,
653 1759 848 1834 aquilonibus
862 1759 912 1820 ille

155 1840 322 1902 Proximus.
352 1856 371 1900 a
385 1848 477 1902 vento
492 1857 604 1903 nomen
617 1851 747 1918 uterque
761 1851 851 1904 tenet.

481 1974 512 2037 5.
541 1976 596 2036 HC

112 2093 187 2153 Cum
202 2093 321 2153 croceis
335 2109 440 2154 rorare
454 2093 542 2168 genis
557 2093 697 2155 Tithonia
711 2097 844 2156 coniunx

152 2175 294 2252 coeperit
308 2184 338 2236 et
352 2177 475 2252 quintae
489 2184 629 2253 tempora
643 2179 720 2240 lueis
736 2190 813 2256 aget

47 2269 95 2322 405
110 2260 187 2322 Sive
202 2267 250 2321 est
263 2261 484 2338 ArctophylaX,
507 2261 574 2322 sive
589 2269 638 2324 est
651 2264 738 2340 piger
752 2265 802 2325 ille
815 2265 939 2338 Bootae,

153 2345 308 2420 Mergetur
322 2344 409 2406 visus
425 2343 612 2423 effugietque
625 2353 706 2408 tuos.
1020 2351 1022 2354 ’

108 2433 153 2490 Αι
166 2445 229 2490 non
244 2427 369 2505 effugiet
380 2429 583 2491 vindemitor.
611 2431 677 2491 Hoc
693 2446 816 2506 quoque
831 2446 956 2492 ceresam

149 2514 240 2574 Unde
254 2513 354 2572 trahat
368 2513 465 2587 sidus,
482 2529 580 2589 parva
594 2514 706 2575 docere
719 2529 805 2574 moro
821 2523 877 2574 est.

108 2599 266 2674 Ampelon
279 2596 433 2658 intonsum
449 2604 554 2675 satyro
569 2599 767 2676 nymphaque
783 2593 916 2658 creatbm

44 2695 94 2748 ito
128 2705 134 2716 ·
150 2683 260 2743 Fertur
273 2682 304 2740 in
319 2681 453 2742 Ismariis
467 2681 609 2743 Bacchus
623 2681 745 2743 amasse
760 2683 852 2758 iugis

109 2765 250 2829 Tradidit
263 2765 334 2826 huic
348 2766 442 2827 vitem
456 2766 641 2842 pendentem
655 2782 673 2826 e
688 2767 849 2829 frondibus
868 2765 945 2839 ulad¹

154 2851 239 2927 Quae
254 2867 334 2911 nunc
349 2851 389 2910 de
402 2851 491 2926 pueri
508 2849 630 2910 nomine
645 2867 756 2912 noman
771 2851 872 2910 habet.

108 2938 191 2998 Dum
207 2935 280 3010 legit
293 2934 323 2994 in
338 2950 422 2994 ramo
438 2935 537 3011 pictas
552 2936 730 3022 temerarius
745 2949 834 3007 uvas

155 3019 287 3080 Decidit
315 3019 463 3081 antissam
476 3019 567 3080 Liber
580 3020 616 3079 in'
626 3026 708 3081 astra
721 3019 796 3079 tulit.

24 3156 59 3218 6.
76 3156 150 3216 Ate
171 3170 347 3216 noc-urs·
362 3171 525 3216 causan·
540 3167 846 3214 nourrii-maxtin
861 3163 1047 3210 ancoras

43 3283 94 3339 415
109 3278 230 3337 Sextus
244 3272 298 3336 ubi
313 3290 430 3335 oceano
446 3273 596 3334 clivosum
611 3271 733 3333 scandit
748 3274 906 3348 olympum

129 3425 135 3436 ,
151 3358 297 3420 Phoebus
313 3366 343 3419 et
357 3358 444 3420 alatis
460 3357 585 3418 aethera
600 3357 698 3434 carpit
711 3355 810 3430 equis,

111 3442 263 3520 Quisquis
277 3443 354 3503 ades
370 3449 537 3518 castaeque
552 3441 628 3502 eolis
644 3439 811 3516 penetralia
829 3439 954 3507 Vestae,-

156 3529 300 3604 Gratare,
323 3525 423 3588 lliacis
439 3535 567 3603 turaque
582 3541 664 3601 pone
679 3525 767 3585 loeis.
