2492 3926
228 221 291 286 276
604 211 860 276 FASTDRUM

312 369 459 433 Carminis
472 366 602 429 Euboici
616 364 719 426 teudo
733 363 829 426 verba
847 367 998 428 sacerdos

352 453 488 529 Inspicit.
519 450 691 526 inspectum
704 448 765 509 tale
779 448 878 512 tuisse
892 451 1009 512 ierunt:

312 539 435 600 “Mater
449 535 551 598 abestr
575 534 703 594 Matrem
717 532 824 607 iubeo,
842 533 995 611 Romane,
1011 534 1148 610 requinu.

248 634 300 688 250
356 622 431 684 Dum
444 619 559 693 veniet,
575 623 661 678 casta
675 622 724 677 est
737 616 919 692 accipienda
932 622 1061 679 manu.”

315 706 471 768 obscurae
485 703 578 764 sortis
593 707 697 778 patres
711 699 893 774 ambagibus
908 711 1019 774 errant,

352 793 475 864 Duaevo
488 803 601 864 parens
616 785 710 857 absit,
727 799 831 862 quove
845 785 978 859 petenda
993 786 1073 846 loco.

314 872 486 934 Consulitur
498 871 615 944 Paean,
632 869 856 944 “Divum”quc
871 870 1046 931 “arcessite
1061 869 1186 928 Matremt’

351 957 461 1032 inquit.
492 955 548 1014 “in
564 954 658 1013 Idaeo
673 959 722 1012 cst
736 951 923 1014 invenienda
936 951 1048 1029 iug0.”

249 1047 299 1100 265
314 1039 471 1102 Mittuntur
485 1053 642 1115 proceres.
668 1036 822 1114 Phrygiae
836 1042 907 1097 tunc
925 1044 1047 1113 sceptra
1060 1035 1164 1097 tenebat

351 1125 485 1184 Attalus:
508 1121 657 1184 Ausoniis
671 1135 737 1181 rem
751 1126 843 1196 negat
857 1119 908 1180 ilie
922 1121 1007 1182 viris.

313 1207 390 1266 Mira
404 1221 521 1266 canam.
551 1205 643 1280 longo
658 1203 780 1266 tremuit
795 1219 864 1265 cum
878 1220 1031 1267 murmure
1045 1205 1133 1277 tellus,

354 1289 391 1350 ut
404 1290 449 1350 sic
463 1294 511 1349 est
525 1289 628 1368 adytis
644 1288 716 1348 diva
730 1288 833 1348 locuta
847 1287 930 1348 suisa

314 1374 412 1447 “ipsa
427 1372 489 1449 peti
503 1371 597 1434 votui.
626 1387 665 1432 ne
679 1371 720 1433 sit
732 1387 828 1432 mora.
857 1371 940 1432 mitte
955 1373 1109 1434 volentem.

248 1459 300 1512 'tto
358 1456 470 1532 Dignus
484 1455 583 1518 Roma
600 1457 700 1531 iocus,
716 1471 779 1531 quo
795 1455 873 1516 deus
893 1454 991 1516 omnis
1006 1460 1087 1514 eat.”

316 1541 366 1599 tite
381 1540 450 1601 soni
464 1547 579 1601 terrore
593 1555 711 1616 pavens
727 1538 994 1614 “Proficiscere,”
1010 1539 1082 1599 dixit

353 1625 489 1685 “Nostra
503 1623 573 1685 eris.
602 1624 633 1684 in
646 1622 797 1700 Phrygios
811 1624 911 1685 Roma
924 1624 1052 1682 retertur
1064 1627 1163 1683 avos.”

315 1708 453 1769 t‘rotinus
467 1709 644 1769 innumerae
659 1707 792 1769 caedunt
804 1706 908 1782 pineta
923 1721 1048 1768 secures

353 1792 421 1864 Illa,
438 1791 549 1866 quibus
566 1791 686 1866 fugiens
700 1789 803 1867 Phryx
818 1790 888 1866 pius
902 1806 979 1850 usus
993 1797 1065 1850 erat.

249 1885 300 1937 ato
315 1876 397 1936 Mitte
411 1892 520 1936 manus
536 1881 661 1949 coeunt,
677 1882 708 1935 et
722 1873 805 1949 picta
823 1873 979 1936 coloribus
994 1873 1069 1934 ustis

353 1960 525 2020 Caelestum
538 1958 665 2020 Matrem
679 1973 817 2018 concava
831 1957 946 2034 puppis
964 1955 1063 2017 habet.

315 2043 369 2102 Dia
382 2043 429 2104 sui
445 2059 501 2118 per
514 2057 611 2117 aquas
627 2043 723 2102 fertur
735 2040 887 2101 tutissima
901 2041 974 2114 nati,

247 2132 253 2145 '
353 2127 521 2202 Longaque
534 2123 684 2184 Phrixeae
698 2130 809 2200 stagna
821 2122 940 2186 sororis
956 2123 1035 2186 adit=

317 2209 550 2284 Rhoeteumque
562 2224 677 2284 rapax,
693 2207 848 2284 Sigeaque
863 2207 952 2268 litora
964 2206 1079 2282 transit,

250 2307 303 2362 agn
354 2292 392 2352 Et
404 2292 565 2364 Tenedon,
582 2297 702 2352 veteres
715 2292 852 2353 Eetionis
867 2306 957 2368 opes.

317 2377 468 2453 Cyclades
483 2375 653 2453 excipiunt,
674 2375 774 2437 Lesbo
791 2383 864 2452 post
877 2383 964 2452 terga
978 2376 1091 2446 relicta,
1210 2433 1211 2462 ,

355 2461 482 2537 Quaque
497 2460 653 2541 Carysteis
668 2460 816 2536 frangitur
830 2460 914 2522 unda
929 2459 1027 2520 vadis.

315 2546 434 2606 Transit
449 2552 479 2607 et
492 2545 635 2616 icarium,
656 2544 763 2620 topsas
778 2543 830 2604 ubi
845 2543 980 2619 perdidit
994 2544 1059 2604 atas

356 2629 476 2704 icarus,
493 2637 524 2690 et
538 2636 643 2688 vastae
659 2627 781 2690 nomina
797 2627 867 2688 iecit
882 2643 992 2702 aquae.

248 2721 299 2775 185
314 2713 389 2772 Tum
403 2713 492 2771 laeva
506 2713 627 2783 craten,
644 2711 752 2772 dextra
764 2710 948 2786 Pelopeidas
963 2712 1062 2772 undas

355 2794 490 2870 Deserit,
506 2801 537 2855 et
552 2793 681 2856 Veneris
696 2811 787 2857 sacra
801 2794 937 2874 Cythera
956 2795 1039 2872 petit.

314 2879 391 2938 Hinc
405 2894 490 2939 marc
502 2878 702 2955 iblnacrium,
718 2879 855 2940 candens
867 2878 919 2939 ubi
934 2879 1073 2956 tinguere
1088 2877 1185 2939 terrun

354 2961 485 3024 Brontes
501 2971 531 3024 et
545 2963 691 3039 Steropes
704 2963 959 3039 Acmonidesque
977 2964 1095 3024 soient:

315 3050 523 3123 Aequoraque
535 3043 612 3108 Afra
625 3046 711 3122 legit,
727 3046 910 3123 Sardoaque
923 3063 1019 3124 regna
1035 3043 1161 3106 sinistris

252 3146 303 3200 290
359 3130 497 3206 Respicit
510 3148 530 3191 a
543 3131 648 3205 remis,
663 3131 898 3207 Ausoniamque
912 3136 1004 3194 tenet.

317 3211 402 3273 Ostia
416 3215 599 3290 contigerat,
615 3231 677 3290 qua
691 3230 727 3274 se
739 3214 899 3278 Tiberinus
914 3215 945 3276 in
959 3216 1053 3276 altum

356 3295 472 3358 Dividit
485 3305 516 3359 et
530 3313 639 3373 campo
657 3296 800 3359 liberiore
815 3305 907 3359 natat.

271 3393 281 3404 ·
315 3381 420 3441 Omnis
435 3396 532 3458 eques
547 3380 703 3456 mixtaque
717 3383 820 3457 gravis
835 3397 905 3443 curn
921 3381 1011 3458 plebe
1029 3391 1154 3441 senatus

356 3463 472 3526 Obvius
487 3465 527 3526 nd
540 3463 630 3526 Tusci
645 3465 778 3527 fluminis
794 3481 849 3526 ora
863 3465 958 3527 venit.
979 3515 982 3519 .

1192 3493 1208 3895 1
