2394 3940
178 191 237 258 lot
567 191 628 254 EX
646 187 795 251 Ponto

301 348 466 424 Pluraque,
484 345 510 408 si
526 357 684 418 numeres,
699 342 795 403 verba
809 344 895 404 luere
912 341 1016 418 gradu.
1055 409 1059 418 ,

260 433 361 508 Saepe
376 431 443 492 dies
458 445 600 491 sermone
614 427 713 490 minor
729 427 791 488 luit.
821 428 914 502 inque
930 425 1108 500 loquendum

300 516 400 576 Tarda
416 531 470 591 per
484 515 619 576 aestivos
638 512 735 588 deluit
748 512 826 572 horu
842 511 920 572 dics.

260 601 315 660 Est
329 601 462 675 aliquid,
477 615 568 660 casus
584 597 697 674 pariter
712 596 851 658 timuisse
865 596 1009 671 marinos,

208 699 243 754 lo
300 684 467 758 Iunctaque
482 683 522 744 ad
537 696 711 758 aequoreos
728 686 801 741 voto
816 681 925 742 tulisse
942 680 1030 741 deos:

259 768 297 828 Et
311 767 404 828 modo
420 783 470 827 res
486 767 588 842 egisse
604 765 709 841 simul,
725 765 818 825 modo
835 781 943 825 rursus
960 763 997 824 ab
1013 763 1066 824 illis

303 851 437 926 Quorum
451 866 512 911 non
532 850 662 927 pudeat,
680 865 775 925 posse
791 849 906 910 referre
921 849 1016 910 iocos.

260 936 344 996 Haec
359 935 412 995 tibi
432 951 501 996 cum
516 935 660 1007 subeant,
676 933 775 994 absim
791 933 876 1006 licet,
893 932 1032 993 omnibus
1046 933 1128 994 annis

302 1020 382 1080 Ante
396 1025 466 1080 tuos
481 1018 604 1094 oculos,
621 1018 759 1078 ulmodo
775 1017 877 1090 visus,
895 1033 958 1078 ero.

212 1114 247 1168 45
261 1105 333 1180 lpse
349 1103 469 1177 quidem
487 1109 568 1162 certe
582 1119 649 1163 cum
665 1103 721 1162 sim
736 1102 794 1163 sub
810 1101 935 1162 cardine
950 1102 1061 1177 muudi,

301 1186 356 1261 Qui
372 1202 494 1262 semper
507 1187 631 1262 liquidis
648 1186 736 1246 altior
750 1191 833 1246 extat
848 1185 947 1260 aquis,

260 1271 302 1330 Te
320 1278 418 1331 tamen
435 1270 554 1331 intueor
570 1287 631 1347 quo
648 1271 715 1332 solo
732 1277 856 1346 pectore
873 1285 1010 1346 possum,

299 1354 336 1414 Et
349 1360 449 1415 tecum
465 1354 567 1431 gelido
583 1371 679 1431 saepe
695 1356 753 1416 sub
769 1371 828 1415 axe
842 1356 962 1430 loquor.

261 1438 317 1498 llic
332 1454 381 1513 ea,
400 1447 430 1500 ct
445 1439 578 1515 ignoras.
605 1447 635 1500 et
649 1440 725 1500 ades
742 1438 1096 1500 celeberrimus-absens:

214 1529 248 1584 50
302 1525 398 1598 laque
413 1523 505 1585 Getas
520 1525 621 1584 media
637 1523 741 1592 iussus
756 1521 794 1583 ab
808 1521 891 1583 Urbe
906 1524 1004 1583 venis.

260 1609 367 1669 Redde
381 1608 495 1681 vicem,
511 1615 556 1681 et,
573 1608 716 1684 quoniam
734 1606 820 1682 regio
836 1605 953 1668 felicior
966 1607 1027 1668 ista
1041 1616 1094 1682 est,
1180 1649 1181 1654 κ

303 1693 373 1753 Istic
387 1707 436 1752 me
449 1693 575 1753 memori
590 1699 715 1768 pectore
729 1706 853 1766 semper
867 1690 957 1755 habe.

183 1875 247 1968 ll.
304 1913 437 1975 nunu.

264 1993 335 2092 noc
349 2032 417 2105 tibi,
432 2033 524 2106 Rufe,
539 2031 625 2092 brevi
643 2038 839 2108 properatum
856 2038 994 2108 tempore
1009 2030 1097 2092 mittit

300 2115 397 2189 Naso,
415 2130 521 2190 parum
537 2115 655 2176 faustae
671 2115 813 2176 conditor
826 2115 925 2188 ArtiS,
943 2130 1041 2189 opus:

260 2199 312 2268 Ut,
331 2213 516 2273 quamquam
532 2199 622 2273 louge
637 2205 700 2260 toto
716 2215 822 2261 sumus
839 2198 913 2259 orbe
927 2199 1047 2270 remoti,

300 2280 385 2342 Scire
402 2287 501 2342 tamen
519 2283 622 2358 possis
638 2298 695 2344 nos
711 2283 887 2343 meminisse
902 2284 954 2343 tui.

229 2365 395 2438 oNorninis
411 2374 482 2426 ante
496 2367 554 2428 mei
570 2367 693 2428 venient
707 2367 820 2426 oblivia
835 2367 934 2442 nobie,

299 2450 425 2511 Pectore
442 2467 532 2527 quam
551 2451 648 2528 pietas
664 2452 703 2512 sit
718 2458 769 2511 tua
785 2451 874 2526 pulsa
889 2466 968 2511 meo.

259 2534 296 2594 Et
311 2536 395 2609 parius
411 2535 490 2596 hauc
504 2537 635 2596 animam
650 2551 765 2596 vacuas
780 2535 947 2596 reddemus
963 2534 993 2594 in
1009 2551 1113 2612 auras,

302 2619 396 2692 Quam
412 2620 464 2679 fiat
478 2621 575 2680 meriti
590 2620 686 2694 gratia
701 2619 847 2680 venatui.

261 2701 382 2762 Grande
398 2717 476 2762 voco
491 2702 632 2762 lacrimas
647 2703 801 2776 meritum,
821 2701 933 2778 quibus
950 2719 1005 2762 ora
1019 2703 1142 2777 rigabas

212 2797 245 2850 10
299 2783 372 2844 Cum
387 2800 456 2845 mea
470 2793 612 2847 concreto
628 2785 712 2846 sicca
727 2787 834 2848 dolore
849 2787 957 2846 forent.

259 2866 381 2930 Grande
397 2883 475 2929 voco
490 2869 626 2930 meritum
642 2878 779 2932 maestae
794 2870 912 2932 solacia
926 2869 1045 2945 mentis,

300 2951 373 3012 Cum
390 2954 500 3028 pariter
517 2954 607 3015 nobis
623 2953 675 3016 illa
688 2954 803 3030 tibique
818 2953 920 3015 dares.

259 3033 375 3110 Sponte
391 3037 512 3111 quidem
529 3054 584 3114 per
599 3053 697 3114 seque
711 3055 780 3099 meo
795 3044 842 3099 est
857 3038 1019 3099 laudabilis
1033 3055 1136 3100 uxor:

298 3121 464 3182 Admonitu
479 3123 586 3182 melior
600 3122 634 3182 lit
648 3129 747 3183 tamen
763 3122 815 3184 illa
828 3128 891 3184 tuo.

212 3213 242 3266 15
256 3203 394 3280 Namque
411 3206 493 3280 quod
508 3205 689 3266 Hermiones
706 3206 813 3268 Castor
828 3207 898 3281 luit,
913 3207 1028 3267 Hector
1041 3208 1115 3282 Iuli,

287 3289 355 3350 Hoc
369 3304 427 3365 ego
442 3294 472 3349 te
489 3290 586 3351 laetor
600 3291 739 3366 coniugis
755 3307 827 3352 esse
841 3306 938 3351 meae.

254 3374 351 3447 Quae,
367 3369 406 3433 ne
421 3373 578 3435 dissimilis
593 3375 646 3435 tibi
662 3375 701 3436 sit
715 3374 879 3451 probitate,
896 3373 1024 3449 laborat,

297 3457 399 3535 Seque
415 3457 455 3518 tui
470 3457 533 3520 vita
548 3459 706 3536 sanguinis
721 3474 792 3520 esse
808 3459 928 3536 probat.
