2492 3926
380 185 383 192 «
435 164 712 242 Ινι,371-446.

162 318 301 378 Nondum
317 317 504 378 conveniens
519 319 650 378 diversis
669 321 728 379 iste
744 321 851 395 figuris

96 411 149 466 410
205 403 321 462 Nomen
338 401 376 460 ab
394 417 504 461 averso
524 410 647 479 ceperat
666 405 858 466 amaedeus.
927 461 935 483 ,

162 487 218 546 Hic
236 500 360 561 quoque
375 485 462 551 lucus
478 493 557 558 erat,
580 487 678 547 iuncis
694 496 724 547 et
739 491 888 550 arundine
905 491 1021 552 densus

205 570 243 631 llt
257 569 337 644 pede
354 569 455 628 velato
471 587 532 631 non
548 570 690 632 adeunda
708 574 806 646 palus

164 654 277 728 Stagna
291 661 488 713 recesserunt
502 662 532 714 et
545 670 643 728 aquas
659 672 716 715 sua
729 657 798 732 ripa
813 666 942 732 coercet,

206 737 356 812 Siccaque
371 753 451 799 nunc
464 739 563 798 tellus.
592 755 660 800 mos
675 747 775 800 tamen
791 741 863 800 inde
880 748 990 802 manet.

97 833 149 885 415
164 821 352 882 Reddiderat
366 837 501 882 causam.
530 823 666 895 ‘Valeas
685 840 763 884 anus
779 826 927 901 optimat’
952 825 1030 885 dixi:

206 905 307 980 ‘Quod
323 914 465 982 superest
479 906 563 980 aevi,
587 908 678 967 molle
694 909 733 968 sit
748 925 847 982 omne,
868 909 934 970 tui?

165 989 270 1049 Cetera
284 990 344 1050 iarn
358 990 476 1065 pridem
493 990 584 1050 didici
600 991 768 1065 puerilibus
785 994 882 1068 annis,

203 1075 271 1132 Non
287 1080 386 1133 lamen
403 1074 519 1135 idcirco
535 1076 760 1150 praetereunda
774 1077 855 1135 mibi.

164 1158 286 1218 Moenia
298 1157 490 1219 Dardanides
506 1175 604 1234 nuper
619 1175 703 1219 nova
717 1160 831 1220 lecerat
844 1162 920 1222 llus:

100 1259 152 1312 420
208 1241 270 1302 llus
285 1241 385 1301 adhuc
400 1242 495 1302 Asiae
510 1244 599 1303 dives
615 1243 748 1304 habebat
762 1259 855 1320 opes:

165 1325 302 1386 Creditur
322 1325 482 1385 armiferae
496 1327 616 1401 signum
635 1328 768 1388 caeleste
781 1327 938 1388 Minervae

204 1409 295 1471 Urbis
311 1409 341 1469 in
358 1409 469 1470 lliaoae
485 1411 651 1472 desiluisse
666 1411 747 1486 iuga.

164 1495 242 1554 Cura
255 1493 362 1553 videre
379 1494 444 1554 luit.
470 1495 535 1554 vidi
549 1496 756 1570 templumque
771 1495 944 1571 locumque.

182 1653 185 1658 Ι
206 1578 272 1638 Hoc
289 1586 430 1653 superest
445 1579 502 1637 illi=
533 1579 658 1639 Pallada
671 1580 769 1640 Roma
784 1585 874 1638 tenet.

102 1676 153 1730 425
169 1662 341 1724 consulitur
356 1661 547 1737 Smintheus,
562 1664 695 1738 lucoque
711 1664 861 1725 obscurus
878 1679 977 1739 opaco

206 1748 271 1807 Hos
287 1761 347 1805 non
363 1747 487 1808 mentito
501 1747 636 1808 reddidit
650 1763 704 1808 ore
720 1764 829 1808 sonos:

165 1831 360 1893 ‘Aetheream
376 1839 498 1892 servate
514 1832 617 1906 deam,
638 1831 800 1892 servabitis
815 1831 943 1891 Urbem:

206 1916 371 1990 Imperium
384 1931 488 1976 secum
502 1916 665 1976 transferet
679 1916 731 1974 illa
744 1915 827 1976 loci’

168 2001 291 2072 Servat,
313 2006 343 2060 et
357 2000 506 2060 inclusam
520 2016 639 2059 summa
653 2006 734 2059 tenet
748 1999 809 2059 Ilus
825 1999 854 2057 in
871 2015 949 2074 arce,

101 2090 152 2144 430
199 2083 349 2166 ι04434114
364 2083 404 2142 ari
424 2083 568 2144 heredem
582 2084 789 2145 Laomedonta
805 2083 892 2142 redit.

167 2168 230 2229 Sub
244 2167 364 2226 Priamo
380 2176 502 2227 servata
517 2183 634 2242 parum.
664 2168 710 2228 sic
724 2167 793 2242 ipsa
808 2166 939 2242 volebat,

206 2251 253 2310 Ex
270 2266 330 2324 quo
347 2251 460 2312 iudicio
476 2251 574 2311 lorma
587 2251 704 2313 revicta
720 2269 777 2312 sua
793 2259 848 2310 est.

168 2337 229 2396 Seu
243 2351 341 2410 genus
356 2335 497 2410 Adrasti,
519 2352 575 2395 seu
589 2336 676 2396 furtis
692 2341 781 2410 aptus
795 2334 912 2410 Ulixes,

161 2473 166 2484 ,
209 2419 271 2478 Seu
287 2417 356 2493 pius
371 2420 495 2480 Aeneas
511 2420 662 2494 eripuisse
677 2419 774 2479 datur.

101 2518 153 2572 435
168 2504 284 2563 Auctor
297 2502 327 2562 in
342 2503 469 2563 incerto.
498 2519 549 2562 res
565 2510 613 2564 est
627 2505 774 2562 Romana.
803 2509 901 2562 tuetur

211 2588 322 2661 Vesta,
341 2587 425 2662 quod
441 2587 568 2648 assiduo
584 2586 696 2646 lumine
713 2593 822 2648 cuncta
837 2587 930 2645 videt.

167 2671 234 2730 Heu
251 2676 397 2745 quantum
408 2671 536 2731 timuere
550 2677 669 2746 patres,
687 2686 748 2745 quo
764 2676 903 2744 tempore
919 2671 1016 2729 Vesta

209 2755 308 2830 Arsit,
325 2763 354 2815 et
368 2761 417 2814 est
430 2754 534 2833 adytis
550 2755 658 2814 obruta
672 2769 770 2830 paene
786 2756 866 2815 suist

166 2838 348 2912 Plagrabant
364 2838 459 2898 sancti
475 2839 632 2900 sceleratis
648 2838 768 2914 ignibus
789 2839 885 2913 ignee,

101 2931 155 2984 440
211 2922 368 2997 Mixtaque
383 2931 447 2982 erat
461 2921 603 2983 flammae
618 2922 741 2982 flamma
756 2923 886 2997 prolana
901 2923 979 2998 piae.

167 3007 321 3066 Attonitae
336 3005 451 3066 flebant
467 3007 602 3068 demisso
620 3007 702 3066 crine
722 3006 893 3066 ministrae:

208 3089 386 3150 Abstulerat
400 3091 482 3151 vires
499 3091 638 3166 corporis
656 3091 724 3165 ipse
739 3089 838 3150 timor.

166 3173 310 3234 Provolat
325 3176 353 3234 in
369 3176 516 3251 medium,
532 3183 561 3235 et
574 3191 684 3251 magna
700 3174 913 3234 ‘Succurritet’
929 3188 1018 3247 voce,

208 3257 286 3319 ‘Non
307 3268 356 3319 est
370 3261 515 3321 auxilium
530 3258 617 3320 llere'
631 3259 771 3319 Metellus
787 3258 836 3318 ait.

102 3346 155 3400 445
170 3340 313 3418 ‘Pignora
329 3343 473 3419 virgineis
490 3344 592 3406 fatalia
607 3343 702 3404 tollite
717 3342 840 3418 palmis!

208 3427 276 3488 Non
293 3443 330 3486 ea
346 3437 417 3489 sunt
431 3435 521 3504 voto,
537 3428 593 3488 sed
608 3427 756 3503 rapienda
771 3433 894 3514 manui¹
