2492 3926
184 239 247 305 304
565 237 820 299 FASTORUM

310 394 388 454 Cura
402 390 570 467 repellendi
585 391 641 450 sed
655 390 728 450 milri
743 390 825 450 nulla
839 390 902 450 luit.

268 476 446 536 Convenere
462 481 582 549 patres,
598 480 642 548 et,
659 473 779 534 sibene
794 472 904 534 iloreat
918 489 1025 552 annus,

306 557 485 619 Numinibus
501 557 613 618 nostris
629 573 731 618 annua
745 558 823 617 festa
835 565 961 618 vovent.

265 643 437 703 Annuimus
453 647 535 700 voto.
565 640 678 701 Consul
694 657 762 703 cum
778 643 905 700 consule
922 641 1011 702 ludos

199 735 252 790 330
306 725 462 787 Postumio
476 725 596 784 Laenas
613 726 791 800 persoluere
805 724 901 784 mihi!

267 810 421 883 Quaerere
440 808 588 882 conabar,
607 824 702 884 quare
718 809 845 868 lascivia
858 809 957 869 maior

308 894 363 953 His
379 894 459 953 toret
473 893 503 952 in
520 891 600 953 ludis
616 892 801 966 liberiorque
815 893 914 952 iocus.

268 976 332 1038 Sed
345 977 418 1036 mihi
434 977 592 1051 succurrit,
615 991 727 1036 numen
740 992 802 1036 non
817 991 889 1036 0000
904 991 1059 1051 severum,

305 1062 451 1136 Aptaque
466 1060 583 1120 deliciis
599 1075 726 1119 munera
740 1060 819 1120 10110
835 1061 933 1119 deam.

199 1151 251 1208 335
265 1145 417 1220 Tempora
432 1144 572 1206 sutilibus
588 1144 748 1219 cinguntur
762 1144 982 1219 palaemonis,

305 1228 345 1288 Et
359 1229 431 1288 latet
445 1228 555 1288 iniecta
572 1227 737 1302 splendida
751 1243 857 1286 mensa
871 1243 953 1287 rosa.

265 1309 376 1371 Ebrius
392 1311 529 1371 incinctis
545 1310 667 1387 philyra
681 1311 812 1372 convive
826 1309 944 1385 capillis

308 1393 418 1467 Saltet,
441 1402 472 1454 01
484 1395 663 1469 imprudens
678 1397 771 1455 utitur
782 1398 846 1454 arte
860 1394 945 1453 meri.

266 1477 375 1539 Ebrius
390 1479 429 1538 ad
446 1479 554 1539 durum
570 1479 724 1539 lormosae
738 1478 828 1538 limen
843 1477 960 1536 anricae

198 1571 251 1629 alc
306 1562 421 1623 Cantat.
450 1562 563 1623 habent
577 1568 686 1622 unctae
701 1559 804 1621 mollia
817 1566 899 1620 serta
914 1576 1031 1622 comae.

264 1645 351 1708 Nulla
365 1653 513 1707 coronata
529 1653 716 1720 peraguntur
729 1644 811 1705 seria
825 1645 932 1719 lronte,

303 1729 367 1790 Nec
380 1730 516 1806 liquidae
530 1729 640 1791 vinctis
656 1728 733 1791 flore
747 1727 889 1789 bibuntur
904 1744 1014 1803 aquae.

264 1813 370 1875 Donec
386 1830 455 1874 eras
470 1815 582 1874 mixtus
596 1813 698 1889 nullis,
715 1811 862 1886 Acheloe,
878 1812 1020 1889 racemis,

307 1899 410 1958 Gratia
424 1899 592 1958 sumendae
606 1915 667 1960 non
683 1903 747 1957 erat
759 1897 822 1956 ulla
835 1911 936 1958 rosae.

196 1991 249 2048 345
263 1981 405 2042 Bacchus
421 1989 501 2042 amal
515 1980 625 2042 flores:
649 1979 770 2041 Baccho
786 1979 942 2056 placuisse
958 1995 1109 2041 coronam

303 2065 350 2124 Ex
363 2065 537 2125 Ariadnaeo
553 2065 655 2126 sidere
669 2080 763 2126 nosse
776 2071 877 2139 potes.

263 2146 384 2208 Scaena
397 2149 474 2207 levis
488 2148 577 2209 decet
591 2149 679 2207 hanc.
704 2155 832 2218 nonest,
849 2147 922 2207 mihi
935 2147 1061 2223 credite,
1079 2159 1199 2212 nonest

302 2230 357 2290 llla
372 2230 567 2292 cothurnatos
583 2231 662 2292 inter
675 2231 817 2290 habenda
832 2232 918 2293 deas.

261 2314 362 2375 Turba
378 2313 500 2392 quidem
517 2328 571 2375 cur
584 2314 643 2375 hos
658 2315 790 2374 celebret
804 2316 972 2375 meretricia
986 2315 1093 2391 ludos,

193 2404 246 2459 350
297 2398 364 2459 Non
380 2413 420 2458 ex
434 2399 551 2458 difficili
566 2414 660 2460 causa
675 2399 768 2474 petita
782 2397 897 2460 subest.
1229 2403 1230 2408 ’

260 2481 326 2542 Non
341 2488 389 2542 est
404 2484 443 2542 de
458 2483 589 2558 tetricis,
600 2499 673 2543 non
689 2489 737 2543 est
751 2483 790 2542 de
804 2498 914 2558 magna
929 2483 1106 2559 prolessis=

301 2567 375 2626 Volt
389 2582 446 2627 sua
462 2565 582 2643 plebeio
599 2581 688 2628 sacra
708 2573 813 2642 palere
828 2567 931 2628 choro.

259 2649 298 2708 Et
315 2656 419 2711 monet
432 2650 540 2710 aetatis
555 2649 674 2725 specie,
696 2651 769 2710 dum
783 2648 901 2726 1101001,
915 2651 968 2725 uti,

302 2733 458 2792 Contemni
474 2734 609 2808 spinam,
628 2748 696 2793 eum
712 2734 851 2793 cecidere
865 2749 966 2795 rosae.

194 2822 246 2878 355
263 2813 322 2875 cur
336 2822 453 2891 tamen,
475 2823 509 2875 ut
524 2817 633 2877 dantur
646 2825 750 2878 vestes
766 2817 934 2878 Cerialibus
948 2817 1050 2896 albae,

302 2897 354 2959 Sic
368 2899 444 2960 haec
459 2905 506 2960 est
523 2901 605 2961 cultu
619 2901 809 2961 versicolore
824 2902 960 2962 decens?

259 2984 309 3042 An
325 2983 397 3056 quia
412 2985 537 3045 maturis
553 2983 681 3045 albescit
694 2983 807 3046 messis
823 2985 935 3060 aristis,

300 3065 338 3124 El
355 3069 441 3126 color
455 3075 484 3127 01
498 3070 621 3144 species
637 3065 765 3128 floribus
784 3070 883 3129 omnis
898 3071 1001 3132 inestt

258 3150 383 3210 Annuit.
412 3157 441 3210 et
456 3152 546 3213 motis
564 3151 658 3212 flores
674 3151 814 3212 cecidere
829 3154 957 3230 capillis,

191 3245 242 3298 300
298 3235 452 3297 Accidere
466 3237 496 3298 in
513 3253 637 3300 mensas
655 3243 689 3297 ut
704 3253 779 3297 rosa
796 3236 892 3297 missa
906 3238 995 3295 solet.

261 3319 390 3380 Lumina
405 3323 576 3392 restabant,
595 3337 725 3397 quorum
742 3337 791 3380 me
806 3336 901 3382 causa
917 3319 1051 3382 latebat:

303 3404 377 3464 Cum
394 3404 439 3465 sic
456 3421 577 3466 errores
593 3405 718 3468 abstulit
732 3405 784 3466 illa
800 3421 903 3466 meos:

262 3486 334 3544 <Vel
354 3489 425 3562 quia
440 3487 605 3564 purpureis
623 3493 778 3551 collucent
794 3489 926 3550 floribus
940 3487 1017 3562 agri,
