2394 3940
244 232 654 352 ΪἋἚΗΜ

89 395 144 455 iton
156 393 234 454 adeo
247 397 297 452 est
311 385 494 464 bencnunc,
516 390 690 454 utsitmihi
703 396 802 471 gloria
814 411 922 459 curce.

122 477 151 540 Si
163 479 259 550 liceat,
276 473 356 536 'nulli
371 474 514 550 cognitus
528 477 716 538 esseueiimt
764 501 767 512 ·
786 511 798 526 ··
861 493 865 511 ·

88 567 128 623 An
142 561 209 638 quia
225 564 388 620 cesserunt
401 558 501 642 primo
514 559 761 637 benofcunninm
776 566 892 627 sunder

121 645 263 730 Scribere,
286 657 454 705 successus
468 650 503 704 ut
516 645 835 722 sequeripsemcost

57 731 165 806 itione,
182 735 307 803 novem,
331 723 539 791 contruncent
552 727 846 804 dixissen‘sororesz

121 816 181 875 Vos
195 814 271 896 estis
285 807 668 874 rios'trnc’manima'enusn
681 816 783 891 iugne.

89 899 175 975 thue
189 897 274 960 dedit
287 897 386 957 iustus
396 895 477 957 tauri
492 895 748 974 connectendum,

121 982 167 1044 Sic
180 997 238 1058 ego
253 982 293 1043 do
308 993 428 1058 poenes
443 980 563 1042 ombus
574 981 744 1058 ipsemetn
762 1007 766 1021 ι
783 1005 797 1013 ·’

89 1067 125 1126 Nil
138 1067 207 1126 mihi
222 1065 438 1127 debebct'oum
453 1065 595 1127 versibus
610 1068 837 1146 amptiusesse,

60 1161 84 1212 to
124 1151 191 1211 Cum
205 1152 342 1226 sugerem
355 1149 465 1210 merito
480 1150 647 1226 naufragus
662 1155 887 1215 onmeziretum.

88 1237 126 1308 At
147 1242 229 1311 puto,
254 1229 574 1295 si'dem'enss'tudium
588 1236 679 1296 iutcie
694 1244 880 1316 retemptem,

119 1319 170 1379 Hic
182 1319 255 1380 mihi
291 1313 429 1379 'raebebii
443 1318 585 1380 carminis
600 1337 686 1381 orma
699 1321 796 1383 iocus.
853 1366 856 1378 .

89 1403 142 1464 Non
154 1335 397 1486 liber-nfinitus,
420 1417 482 1463 non
496 1403 550 1478 qui
566 1404 638 1464 mihi
654 1408 827 1468 commodet
840 1421 958 1482 aurem,
1013 1423 1018 1432 ·

119 1485 556 1564 Verbaquestgntfioentnuid
575 1499 661 1564 mcc,¹
676 1490 765 1564 norit,¹
788 1492 887 1552 adest

62 1570 376 1634 induciebcrbaricne
390 1571 460 1632 ioca
475 1577 546 1632 sunt
559 1573 709 1650 vocisque
725 1573 849 1649 ferinae,

122 1655 287 1733 Omniaque·
296 1651 416 1717 hostilis
425 1657 524 1730 otene
537 1655 646 1717 timore
663 1659 742 1718 soni.

91 1740 147 1816 lpse
159 1741 229 1802 mihi
240 1741 349 1802 videor
363 1739 631 1801 iomdedidicisse
640 1741 762 1801 Latine:

122 1825 188 1885 Nam
202 1823 302 1884 didici
311 1819 662 1902 Geneeitormaticeque
676 1824 770 1901 loqui.

93 1909 141 1968 Nec
152 1915 258 1986 tamen,
278 1915 310 1969 ut
323 1921 429 1969 verum
445 1910 541 1968 iutenr
555 1908 618 1985 tibi,
642 1917 749 1970 nostra
761 1910 856 1970 teneri

64 1998 89 2050 tt
126 1992 526 2070 Acotnponendo'carmine
539 1992 629 2054 Musa
643 2001 759 2069 potest:

95 2075 243 2140 Scribimus
260 2085 290 2138 ct
304 2078 436 2153 scriptos
452 2075 640 2139 'absumimus
656 2079 727 2153 igne
740 2077 870 2138 libellos.

124 2161 218 2224 Exitus
233 2169 281 2223 cst
295 2161 387 2223 'studii
402 2175 500 2236 perun
511 2163 618 2222 invitia
631 2163 701 2223 met.
768 2167 787 2204 ⁴·

93 2243 142 2304 nec
154 2254 286 2324 possum,
309 2254 339 2308 et
353 2245 446 2321 cupio
461 2260 523 2306 non
538 2248 618 2308 ulios
635 2248 748 2308 ducere
762 2262 887 2306 versus=

124 2329 236 2392 Ponitur
247 2332 363 2392 idcirco
378 2336 486 2391 noster
499 2330 529 2390 in
544 2331 614 2406 igne
629 2332 726 2403 labor,

65 2411 145 2473 tinec
157 2415 212 2476 nisi
226 2433 299 2494 pars
314 2431 389 2478 casu
403 2413 536 2476 flammis
552 2422 658 2492 erepta
671 2415 784 2475 dolove

124 2497 168 2558 Ad
177 2516 235 2560 uos
250 2500 364 2576 ingenii
377 2498 519 2576 pervenit
533 2499 595 2559 uile
608 2497 679 2558 mei.

94 2578 134 2641 Sic
148 2583 263 2661 utinam,
285 2599 365 2662 quae
379 2582 421 2642 nil
435 2589 619 2645 metuentem
633 2583 694 2643 tete
707 2580 886 2657 magistrum

121 2664 254 2744 Perdidit,
277 2671 309 2730 in
323 2669 442 2730 cineres
460 2669 520 2728 Ars
534 2684 604 2729 mec
617 2683 710 2728 versa
723 2668 818 2726 iorett

44 2790 168 2896 liliano
181 2845 282 2900 nuso
299 2841 403 2902 cetico
419 2841 508 2901 mtun
521 2840 575 2900 nn
590 2840 675 2899 naso
690 2838 828 2909 satutem,

122 2919 230 2984 Mittere
244 2925 460 3001 siquisquom,
485 2941 547 3000 quo
564 2930 647 2984 caret
662 2922 740 2998 ipse,
763 2925 875 2997 potest.

92 3007 178 3078 Aeger
190 3009 268 3069 enim
282 3010 362 3070 truxi
378 3009 521 3086 contagio
535 3023 667 3084 corpore
681 3005 800 3080 mentis,

123 3087 222 3152 Libera
236 3099 388 3154 tormento
406 3109 479 3170 pars
493 3093 567 3153 inihi
581 3107 620 3152 ne
636 3107 698 3167 qua
714 3097 818 3150 vacet:

72 3168 192 3248 tierque
207 3177 273 3238 dies
288 3180 401 3240 multos
416 3179 520 3238 lateris
537 3175 719 3237 cruciatibus
734 3187 817 3250 uror,

125 3255 181 3318 Sed
195 3263 278 3335 quod
293 3279 356 3322 non
370 3263 493 3325 modico
509 3261 622 3338 nigore
636 3261 726 3320 laesit
739 3259 849 3318 hiems,

93 3335 118 3396 Si
131 3347 221 3404 tumen
235 3345 306 3422 ipse
321 3347 419 3423 valed,
443 3347 547 3422 eliqua
560 3361 618 3407 nos
634 3351 720 3423 parte
734 3344 891 3403 valemusz

32 3457 33 3486 1
126 3423 236 3504 Quippe
248 3441 319 3491 men
333 3438 382 3492 est
395 3431 531 3493 humeris
546 3431 621 3490 iuitn
634 3429 723 3489 ruina
736 3429 806 3488 tuis.

31 3487 34 3608 ὶ
94 3503 137 3577 Qui
151 3511 219 3572 mint
235 3531 304 3575 cum
319 3515 443 3576 dederis
458 3514 593 3590 ingentia
607 3513 745 3590 pignora,
769 3522 902 3584 cumque

32 3611 34 3644 t

32 3671 34 3720 t

33 3843 37 3885 t
