2450 3932
442 233 478 312 ll,
501 232 679 300 tta—187.

60 393 114 448 150
171 385 323 462 Aequalis
337 386 440 446 rabies
456 387 679 463 continuosque
694 388 786 461 iuror,

122 469 190 530 Sed
204 471 298 532 modo
314 470 478 531 subsidunt
492 469 718 546 intermissique
731 472 887 549 silescunt,

160 555 295 630 Vimque
310 561 401 630 putes
415 555 484 615 illos
500 555 686 630 deposuisse
701 571 803 616 suarna

126 637 181 698 Sic
198 638 313 699 abeunt
326 639 515 714 redeuntque
530 638 589 698 mei
606 638 784 716 variantque
799 640 934 722 timores,

165 722 203 784 Et
216 738 307 798 spem
321 722 464 798 placandi
480 724 615 798 dantque
630 730 802 799 negantque
816 726 868 787 tui.

62 817 112 868 155
122 806 183 866 Per
196 822 330 881 superos
345 807 444 882 igitur,
467 806 518 882 qui
533 807 606 867 dont
620 807 673 868 tihi
688 809 781 883 longa
794 808 970 889 dabuntque

162 890 322 966 Tempora,
344 891 513 950 Romanum
528 891 555 950 si
570 891 663 953 modo
679 907 789 952 nomeu
804 903 920 957 amant:

117 973 178 1033 Per
190 974 329 1050 patriam,
355 989 434 1049 quae
448 980 478 1034 te
492 981 556 1036 tuta
570 982 600 1035 et
614 991 724 1037 secura
739 985 865 1052 parente
879 987 934 1055 est,

171 1058 271 1134 Cuius,
293 1057 372 1119 utin
386 1059 512 1136 populo,
535 1075 608 1136 pars
623 1075 681 1134 ego
696 1075 795 1137 nuper
809 1077 905 1122 eram:

121 1141 175 1201 Sic
189 1141 253 1218 tibi,
275 1157 366 1217 quem
382 1158 505 1220 semper
519 1144 607 1203 lactis
623 1144 786 1221 animoque
801 1149 935 1220 mereris,

57 1233 109 1286 160
164 1225 324 1286 Reddatur
336 1235 441 1302 gratae
456 1226 577 1288 debitus
591 1226 682 1288 Urbis
698 1243 798 1288 amor=

119 1309 210 1370 Livia
224 1310 270 1371 sic
283 1316 385 1372 tecum
399 1310 532 1372 sociales
547 1314 699 1388 compleat
714 1327 821 1387 annos

163 1393 263 1470 Quae,
284 1394 345 1455 nisi
360 1402 399 1470 te,
420 1395 503 1456 nullo
520 1396 649 1472 coniuge
664 1397 757 1471 digna
771 1398 834 1471 luit,

121 1478 208 1552 Quae
223 1479 250 1538 si
265 1493 328 1540 non
343 1486 436 1554 esset,
456 1479 579 1542 caelebs
593 1487 623 1538 te
638 1480 701 1541 vita
714 1480 846 1555 deceret

161 1562 320 1638 Nullaque,
344 1564 394 1623 cui
408 1579 522 1640 posses
537 1577 609 1624 esse
623 1565 759 1640 maritus,
779 1571 857 1626 erat:

58 1653 107 1707 165
120 1645 248 1723 Sospite
263 1647 309 1707 sic
323 1654 353 1708 te
369 1648 408 1709 sit
421 1655 511 1710 nutus
527 1663 652 1724 quoque
667 1664 790 1725 sospes,
814 1656 843 1710 et
858 1651 929 1711 olim

166 1731 329 1807 Imperium
343 1739 430 1808 regat
442 1733 502 1793 hoe
518 1749 587 1792 cum
602 1733 724 1792 seniore
739 1748 850 1794 senex:

119 1815 161 1878 Ut
176 1814 352 1893 iaciuntque
366 1817 419 1890 tui,
442 1816 529 1877 sidus
544 1816 686 1891 iuvenile,
709 1821 847 1892 nepotes

159 1899 218 1960 Per
232 1908 283 1962 tua
297 1916 417 1978 perque
431 1901 479 1962 sui
495 1901 575 1961 lacta
589 1901 724 1976 parentis
740 1909 824 1963 eant=

121 1981 175 2044 Sic
188 1991 314 2045 assueta
327 1986 389 2045 tuis
404 2001 527 2061 semper
539 1984 679 2046 Victoria
694 1984 802 2046 castris

59 2075 110 2129 llo
160 2067 247 2129 Nunc
263 2084 388 2145 quoque
403 2085 437 2129 se
452 2075 588 2144 praestet
601 2075 736 2145 notaque
751 2069 838 2146 signa
854 2077 944 2147 petat,

119 2152 357 2229 Ausoniumque
372 2153 481 2213 ducem
496 2153 595 2213 solitis
611 2154 808 2216 circumvolet
822 2153 889 2230 alis,

159 2235 256 2297 Ponat
270 2244 300 2298 et
315 2237 346 2296 in
361 2237 456 2296 nitida
470 2239 577 2298 laurea
591 2245 673 2299 serta
687 2253 784 2310 coma,

112 2319 172 2380 Per
186 2336 277 2396 quem
291 2321 373 2381 bella
386 2321 477 2396 geris,
500 2323 587 2382 cuius
603 2337 683 2382 nunc
697 2337 829 2399 corpore
843 2337 972 2397 pugnas,

163 2405 347 2482 Auspicium
362 2403 410 2466 cui
426 2405 482 2466 das
497 2406 615 2482 grande
629 2405 769 2481 deosque
783 2414 862 2479 tuos,
966 2448 969 2455 .

61 2496 109 2550 175
119 2488 372 2567 Dimidioque'tui
386 2505 537 2566 praesens
552 2497 583 2550 et
595 2489 726 2564 respicis
742 2489 857 2560 urbem,

156 2573 289 2635 Dimidio
305 2576 415 2650 procul
430 2590 465 2634 es
480 2589 637 2650 saevaque
652 2573 733 2633 bella
746 2571 843 2648 geris:

119 2656 179 2716 Hie
191 2657 245 2718 tibi
260 2659 306 2718 sie
320 2659 429 2719 redeat
443 2666 589 2735 superato
605 2659 703 2718 victor
716 2656 754 2718 ab
769 2657 867 2728 hoste,

157 2741 254 2818 Inque
270 2742 425 2804 coronatis
440 2744 554 2819 fulgeat
569 2743 648 2804 altus
664 2743 768 2817 equis=

118 2823 223 2898 Parce,
246 2842 366 2903 precor,
390 2828 565 2904 fulmenque
579 2834 672 2902 tuum,
693 2828 758 2886 iera
771 2825 841 2901 tela,
862 2824 1006 2899 reconde,

2 2949 3 2952 κ
61 2917 110 2971 180
162 2909 228 2968 Heu
245 2912 370 2971 nimium
385 2913 499 2972 misero
516 2911 637 2987 cognita
650 2910 711 2970 tela
726 2909 808 2969 mihil

116 2992 222 3066 Parce,
245 3001 334 3070 pater
347 2996 473 3071 patriae,
493 3010 550 3055 nec
567 2994 698 3054 nominis
712 2994 862 3054 inmemor
874 2993 963 3053 huius

164 3076 242 3138 Olim
257 3079 400 3155 placandi
416 3095 503 3156 spem
518 3079 590 3138 milri
605 3079 678 3139 tolle
691 3078 748 3137 tuit

117 3161 186 3220 Non
200 3175 322 3238 precor,
344 3169 378 3223 ut
391 3165 525 3224 redeam.
560 3162 699 3237 quamvis
714 3162 831 3222 maiora
846 3160 946 3236 petitis

160 3245 312 3306 Credibile
329 3253 379 3306 est
391 3263 522 3322 magnos
537 3262 632 3322 saepe
648 3245 774 3306 dedisse
789 3245 881 3305 deos:

58 3337 106 3392 185
116 3328 219 3390 illitius
235 3330 360 3391 exilium
376 3331 403 3391 si
418 3332 475 3391 das
491 3331 682 3406 propiusque
696 3329 825 3404 roganti,

2 3427 3 3436 ¹
160 3413 236 3474 Pars
251 3414 696 3491 eritepoenamagnalevam
710 3428 788 3472 mea.

112 3497 225 3576 Ultima
239 3499 398 3576 perpetior
411 3499 531 3558 medios
547 3498 703 3574 proiectus
717 3497 749 3556 in
764 3497 880 3568 hostes,
