2394 3940
221 224 278 291 118
610 227 669 288 EX
689 226 837 287 PONTO

344 382 463 455 Perque
479 394 587 438 manus
602 376 693 439 liuius
707 376 818 436 tradita
833 379 932 451 gentis
947 385 1008 438 ent.
1181 419 1184 454 r

304 467 345 524 Al
358 471 390 524 lu
405 473 465 524 tem
481 462 618 539 placido,
635 477 728 536 quarn
741 475 806 520 uos
829 477 955 536 quoque
970 461 1120 521 sensimus
1133 449 1184 600 W

345 547 449 608 Iudice
465 561 521 621 pro
537 544 670 606 lacrimis
686 560 741 604 ora
754 545 878 604 resolve
892 545 981 605 meis.
1182 605 1183 620 ¹

245 642 292 696 105
305 631 372 692 Non
389 631 481 706 petito
497 636 529 690 ut
542 629 623 689 bene
637 630 691 703 sit,
707 628 764 688 sed
779 628 821 686 uti
836 630 915 688 male
928 629 1042 700 tutius,
1057 635 1139 702 utque
1182 621 1185 784 Ι

343 714 474 774 Exilium
489 728 586 775 saevo
603 714 694 774 distel
708 711 747 772 ab
762 710 853 771 hoste
867 728 986 772 meumz

303 799 461 874 Quamque
478 798 593 859 dedere
606 796 679 856 mihi
693 796 869 871 praesentia
881 796 1008 856 numina
1024 795 1117 872 vitam,

344 882 412 944 Non
430 883 544 944 adimat
559 880 663 940 stricto
679 879 840 954 squalidus
856 896 931 940 ense
947 881 1057 941 Getes:

304 965 458 1042 Denique,
473 965 500 1026 si
514 966 642 1036 moriar,
659 963 786 1024 subeam
802 965 942 1039 pacatius
958 981 1075 1036 arvum,

239 1059 291 1115 110
347 1049 428 1110 Ossa
441 1064 498 1110 nee
512 1065 533 1109 a
546 1047 692 1124 Scythica
706 1053 813 1107 nostra
826 1055 1003 1122 premantur
1016 1048 1113 1120 hurno,

302 1134 365 1193 Nec
378 1135 458 1193 male
472 1133 678 1209 compositos,
693 1137 728 1192 ut
741 1132 857 1192 scilicet
871 1133 962 1191 exule
977 1131 1110 1206 dignum,
1185 1155 1186 1210 l

231 1235 238 1246 ’
342 1216 472 1277 Bistonii
487 1217 606 1276 cineres
621 1217 735 1292 ungula
748 1217 851 1290 pulset
864 1215 952 1291 equi:

299 1301 338 1360 lit
351 1315 406 1372 ne,
422 1301 449 1359 si
463 1307 606 1375 superest
620 1299 731 1376 aliquis
745 1307 818 1374 post
832 1301 941 1360 lunera
954 1314 1078 1372 sensus,

341 1384 466 1443 Terreat
479 1389 510 1443 et
523 1399 629 1444 manes
647 1382 793 1444 Sarmatis
808 1383 917 1444 umbra
929 1398 1030 1444 meos.

237 1475 287 1526 115
303 1467 442 1527 caesaris
457 1467 534 1528 haec
549 1468 681 1527 animum
696 1472 836 1542 poterant
850 1467 955 1527 andita
968 1483 1102 1538 movere,
1186 1471 1187 1502 ³

341 1550 487 1624 Maxime,
503 1552 674 1612 movissent
688 1551 714 1611 si
730 1558 829 1611 tamen
844 1558 914 1611 aute
927 1558 1024 1611 tuum.

298 1633 385 1709 Vox,
401 1649 526 1709 precor,
542 1636 699 1710 Augustas
715 1651 771 1710 pro
786 1642 901 1694 mutua
915 1635 1033 1697 molliat
1048 1651 1138 1706 aures,

340 1718 466 1778 Auxilio
481 1719 610 1794 trepidis
627 1735 705 1794 quae
717 1719 797 1778 solet
811 1733 883 1778 esse
896 1719 974 1778 reis=

298 1801 500 1880 adsuetaque
513 1803 566 1864 tibi
582 1805 691 1864 doctae
706 1801 869 1862 dulcedine
883 1803 1007 1878 linguae

237 1893 288 1947 110
341 1886 507 1960 Aequandi
522 1887 642 1963 superis
657 1893 784 1962 pectora
797 1885 887 1946 flecte
900 1886 969 1945 viri.

297 1969 364 2030 Non
378 1969 433 2029 tibi
447 1971 674 2044 Theromedon,
691 1971 867 2045 crudusque
881 1970 1041 2046 rogabitur
1054 1972 1163 2044 Atreus,

341 2052 459 2127 Quique
474 2053 539 2114 suis
554 2054 695 2115 homines
709 2053 822 2129 pabula
836 2056 908 2115 lecit
922 2055 1029 2130 equis:
1188 2129 1189 2134 ἵ

299 2134 361 2194 Sed
377 2135 463 2209 piger
477 2136 516 2196 ad
531 2153 650 2211 poenas
665 2139 824 2213 princeps,
841 2137 881 2198 ad
895 2140 1035 2214 praemia
1050 2138 1146 2212 valon

340 2216 458 2292 Quique
474 2220 570 2294 dolet,
588 2221 728 2296 quotiens
744 2222 862 2297 cogitur
881 2237 954 2282 esse
972 2225 1070 2284 lerox.

237 2311 284 2363 115
301 2301 355 2374 Qui
372 2301 443 2362 vicit
458 2319 595 2380 semper,
612 2302 699 2366 violis
713 2311 746 2366 ut
761 2321 887 2381 parcere
902 2314 1021 2382 posset,

341 2385 457 2448 clausit
470 2395 501 2449 et
515 2395 639 2450 aeterna
654 2389 751 2450 civica
764 2389 845 2450 bella
859 2405 945 2450 sera=

295 2470 389 2531 Multa
403 2479 483 2533 metu
498 2488 634 2549 poenae,
653 2489 754 2549 poena
770 2475 822 2550 qui
837 2489 937 2549 pauca
955 2482 1088 2551 coercet,

336 2555 374 2614 Et
388 2556 459 2616 iacit
473 2557 567 2617 invita
582 2557 707 2618 fulmina
721 2575 791 2618 rara
804 2573 905 2618 manu.

294 2638 375 2712 Ergo
391 2647 451 2698 lam
466 2639 605 2713 placidas
621 2648 723 2702 orator
735 2643 848 2703 missus
865 2642 905 2702 ad
919 2657 1021 2717 aures,

232 2729 282 2784 150
336 2720 378 2780 Ut
396 2721 523 2796 propior
536 2723 653 2806 patriae
667 2723 707 2785 sit
720 2727 793 2802 iuga
807 2733 928 2799 nostra,
943 2741 1032 2801 roga.

255 2857 257 2860 .
292 2803 346 2862 lllc
361 2818 419 2878 ego
434 2819 517 2880 sum,
533 2806 628 2883 quite
643 2809 738 2882 colui,
755 2825 845 2886 quem
860 2811 938 2871 lesta
953 2811 1076 2871 solebat

334 2886 415 2946 luter
428 2889 578 2950 convivas
598 2907 705 2954 mensa
719 2893 824 2953 videre
838 2900 923 2954 tuos:

289 2969 343 3029 Ille
358 2986 431 3046 ego,
448 2973 499 3047 qui
515 2973 589 3034 duxi
603 2982 725 3038 vestros
740 2976 941 3053 Hymenaeon
956 2977 997 3037 ad
1012 2976 1112 3054 ignes,

331 3053 371 3114 Et
387 3055 485 3116 cecini
500 3060 602 3119 lausto
618 3061 754 3120 carmina
767 3061 861 3136 digna
876 3068 959 3121 toros

230 3145 278 3198 135
292 3137 385 3198 cuius
399 3144 433 3199 le
447 3142 571 3203 solitum
586 3143 708 3203 memini
723 3144 849 3205 laudare
862 3143 993 3221 libellos,

331 3219 493 3298 Exceptis,
509 3226 633 3286 domino
649 3228 701 3302 qui
718 3242 852 3290 nocuere
867 3243 942 3289 suo:

288 3304 341 3364 Cui
355 3311 407 3365 tua
421 3322 648 3384 nonnumquam
663 3311 782 3372 miranti
796 3312 911 3388 scripta
924 3311 1068 3388 legebam

328 3388 382 3448 llle
396 3404 471 3464 ego,
489 3392 527 3453 de
542 3400 647 3454 vestra
661 3395 711 3455 cui
731 3397 801 3456 data
815 3403 910 3472 nupta
924 3397 1018 3456 domo
1033 3402 1081 3460 551

284 3472 371 3534 11555
384 3472 494 3550 probat
508 3481 539 3538 et
552 3477 650 3554 primo
665 3477 805 3541 dilectam
820 3495 943 3555 semper
957 3479 996 3540 ab
1009 3495 1093 3543 aevo
