2450 3932
418 211 456 284 ll,
480 207 637 273 att-111.

133 363 260 438 ingenio
275 363 387 424 laudes
400 362 542 423 uberiore
555 371 676 425 canunt.

40 455 77 512 7⁵
93 446 159 508 Sed
169 455 279 522 tamen
298 452 332 506 ut
343 447 413 507 luso
426 455 583 508 umorum
597 449 747 524 sanguine
759 458 889 522 centurn,

135 530 189 592 Sic
204 533 326 608 capitur
339 531 464 590 minimo
478 531 553 592 turis
567 530 685 594 honore
700 533 788 594 deus.
822 536 824 544 ’

91 616 137 674 A!
162 614 244 676 lerus
258 622 290 676 et
301 612 392 676 nobis
404 613 528 674 nimium
542 617 705 678 crudeliter
715 615 824 691 hostis,

134 699 269 760 Delicias
282 699 356 774 legit
371 699 422 773 qui
434 698 488 759 tibi
499 715 631 776 cumque
647 715 748 761 mense

93 782 234 843 Carmina
247 799 288 842 nc
302 783 418 844 nostris
435 790 559 858 quaele
575 785 752 846 venerantia
768 785 853 845 libris
968 861 971 865 ι
989 815 1030 834 -

39 877 77 932 80
132 866 249 927 Indicio
264 867 386 942 possint
398 867 577 928 candidiore
589 868 659 944 legi.

93 950 176 1010 Esse
188 952 245 1011 sed
257 950 336 1012 irato
350 949 419 1025 quis
432 957 462 1010 te
474 949 546 1010 mihi
562 958 671 1026 posset
681 951 819 1012 anticus?

132 1034 195 1093 Vix
209 1041 282 1094 tunc
297 1035 366 1110 ipse
381 1034 454 1094 mihi
464 1051 525 1096 non
539 1035 678 1096 inimicus
690 1051 786 1096 eram.¹

95 1117 172 1177 Cum
183 1119 287 1193 coepit
299 1123 447 1193 quassata
462 1119 572 1180 donnus
587 1119 758 1196 subsidere,
772 1128 877 1195 partes

134 1202 171 1260 ln
185 1202 376 1277 proclinatas
387 1217 477 1264 ornne
488 1203 638 1264 recumbit
649 1219 736 1278 onus,

39 1289 74 1344 85
91 1285 270 1362 Cunctaque
282 1288 405 1347 lortuna
419 1285 525 1347 rimam
540 1288 669 1349 iaciente
681 1287 850 1349 dehiscunt

38 1400 82 1410 —
134 1369 209 1445 lpse
221 1387 280 1431 suo
294 1371 430 1446 quodam
441 1371 580 1446 pondere
590 1378 686 1432 tracta
696 1379 797 1432 ruunt.

89 1453 174 1529 Ergo
188 1453 346 1515 hominurn
358 1456 530 1530 quaesitum
543 1456 646 1516 odium
659 1454 732 1516 mihi
749 1455 890 1529 carmine,
905 1471 1029 1532 quaque

131 1537 254 1614 Debuit,
271 1545 320 1600 est
335 1539 437 1599 vultus
450 1540 538 1600 turba
551 1547 656 1600 secuta
667 1545 747 1600 tuos.

89 1622 131 1683 At
141 1622 275 1696 memini,
291 1620 446 1698 vitamque
460 1639 560 1684 nream
575 1639 741 1699 moresque
755 1623 911 1700 probabas

40 1710 75 1767 90
128 1706 195 1781 Illo,
210 1722 302 1782 quern
314 1707 455 1782 dederas,
471 1708 693 1784 praetereuntis
708 1724 801 1783 equo.

35 1820 75 1832 -
91 1790 182 1863 Quod
193 1789 293 1852 sinon
304 1791 435 1866 prodest
447 1799 477 1852 ct
489 1790 612 1852 honesti
623 1789 720 1866 gratia
731 1793 814 1851 nulla

35 1905 76 1916 -
130 1873 290 1948 Redditur,
304 1880 335 1934 at
351 1877 467 1935 nullum
478 1875 591 1935 crinren
604 1876 735 1950 adeptus
748 1891 842 1934 erant.

83 1958 147 2018 Nec
165 1959 244 2018 rnale
255 1959 421 2020 commissa
432 1966 480 2019 est
492 1959 582 2020 nobis
596 1960 717 2019 fortuna
730 1973 851 2019 reorum

126 2041 245 2118 Lisque
255 2043 363 2103 decern
376 2043 501 2104 deciens
512 2043 704 2118 inspicienda
714 2043 799 2105 viria.

42 2134 76 2188 95
91 2126 155 2186 Res
172 2142 297 2203 quoque
307 2125 446 2202 privatas
457 2125 549 2190 statui
566 2127 632 2188 sine
645 2125 771 2188 crimine
782 2126 888 2199 iudex,

130 2209 241 2284 Deque
252 2227 322 2272 mea
334 2212 420 2272 lassa
434 2217 482 2272 est
495 2227 567 2286 pars
584 2228 709 2288 quoque
720 2211 800 2272 victa
813 2210 885 2270 lide.

87 2293 140 2355 Me
150 2294 314 2356 miserum!
329 2294 425 2370 potui,
439 2295 465 2355 si
480 2311 540 2356 non
553 2301 690 2356 exuema
705 2300 861 2368 nocerent,

127 2377 243 2440 ludioio
257 2385 342 2440 tutus
356 2395 419 2440 non
435 2379 530 2440 senrel
545 2396 617 2440 esse
629 2387 692 2440 tuo.

87 2460 201 2522 Ultima
214 2478 264 2523 me
277 2464 419 2538 perdunt,
433 2462 556 2540 imoque
568 2462 627 2525 sub
641 2477 777 2537 aequore
790 2460 898 2535 mergit

32 2555 82 2608 100
133 2545 320 2606 Incolumem
333 2545 445 2608 totiens
457 2563 520 2607 una
531 2546 667 2623 procella
681 2553 786 2606 ratem.

91 2629 156 2688 Nec
168 2628 240 2688 nrilri
253 2646 327 2705 pars
341 2631 447 2692 nocuit
457 2631 497 2691 de
507 2631 627 2707 gurgite
640 2646 744 2705 parva
756 2627 813 2688 sed
828 2639 937 2687 omnes

133 2712 283 2773 Pressere
293 2713 353 2775 hoc
365 2714 478 2775 fluctus
494 2730 692 2788 oceanusque
709 2718 810 2789 caput.

92 2795 154 2856 Cur
166 2796 283 2873 aliquid
295 2797 381 2858 vidit
402 2800 562 2860 curnoxia
576 2796 781 2858 luminalecit
826 2813 833 2821 ·

132 2879 195 2939 Cur
208 2881 386 2957 inprudenti
400 2883 522 2958 cognita
536 2883 626 2958 culpa
639 2881 733 2941 niihil

32 2969 78 3022 loa
91 2964 214 3023 Inscius
226 2965 365 3027 Actaeon
378 2966 455 3027 vidit
466 2966 532 3028 sine
543 2973 630 3027 veste
643 2966 787 3026 Dianarm

131 3047 253 3108 Praeda
263 3049 320 3110 fuit
336 3050 462 3111 canibus
476 3066 536 3111 non
549 3049 650 3110 minus
663 3048 713 3109 ille
729 3047 804 3108 suis.

90 3131 219 3193 Scilicet
233 3131 263 3199 iu
280 3134 403 3210 superis
417 3135 507 3197 etiam
521 3136 643 3195 fortuna
658 3131 772 3193 luendo
785 3137 841 3206 est,

128 3215 196 3276 Nec
209 3217 332 3278 reniam
345 3220 433 3279 laeso
448 3218 571 3279 numine
585 3233 677 3278 casus
691 3214 793 3275 habet

87 3300 145 3361 llla
160 3315 295 3376 namque
307 3302 366 3374 die,
380 3317 501 3377 quante
514 3301 613 3361 malus
627 3299 751 3360 abstulit
762 3313 857 3372 error,

32 3391 77 3444 :lo
129 3381 232 3444 Parva
245 3383 371 3459 quidem
385 3386 483 3460 periit,
501 3385 558 3445 sed
571 3382 638 3445 sine
653 3383 723 3444 labe
738 3383 865 3442 domasa

86 3465 140 3526 Sic
154 3483 281 3543 quoquc
292 3485 392 3545 parua
405 3476 514 3545 tomen,
529 3469 630 3544 patrio
643 3467 761 3528 dicatur
775 3472 809 3526 ut
819 3477 898 3524 aevo
