2492 3926
454 233 497 308 V,
520 231 699 298 ult-685.
1019 237 1081 302 ³1³

148 385 327 461 Magnaque
341 400 416 460 pars
431 384 540 446 horum
557 385 689 447 desertis
706 395 832 450 venerat
845 387 947 464 Argis.

191 467 346 530 Montibus
361 467 410 529 his
427 476 545 544 ponunt
560 485 711 546 spemque
724 473 881 547 laremque
898 489 996 535 suurn.

148 551 251 629 Saepe
266 559 367 612 1616611
382 553 499 627 patriae
515 553 595 614 dulci
611 559 776 629 tanguntur
791 571 906 630 amore,

190 637 293 712 Atque
308 635 420 710 aliquis
435 637 571 698 moriens
586 636 646 696 hoc
660 637 756 699 breve
770 640 897 701 mandat
911 655 1008 716 opus:
1066 639 1069 648 ’

73 725 134 782 666
149 719 281 781 “Mittite
295 735 344 781 me
362 719 392 780 in
407 720 552 781 Tiberim:
580 720 728 783 libaninis
743 731 851 785 vectus
865 723 895 784 in
914 725 1006 790 undis

189 803 273 864 Litus
289 804 330 864 ad
344 803 499 866 Inachium
515 805 616 880 pulvis
631 805 731 867 inanis
745 812 850 867 eam.”

147 887 298 963 Displicet
312 887 418 948 lrercdi
433 887 568 950 mandati
584 905 657 970 cura
672 891 843 967 sepulchri:

145 1009 150 1018 ·
189 972 327 1032 Mortuus
341 972 482 1033 Ausonia
498 972 638 1034 conditur
652 973 770 1050 hospes
785 975 887 1048 humo,

147 1053 276 1132 Scirpea
290 1071 346 1132 pro
361 1056 486 1116 domino
500 1054 599 1116 Tiberi
614 1056 742 1120 luctatur
761 1057 872 1134 imago,

76 1145 134 1202 660
190 1139 230 1201 Ut
248 1144 367 1216 repetat
383 1140 491 1202 Graias
507 1155 563 1216 per
577 1141 654 1201 lreta
667 1142 760 1218 longa
775 1143 908 1204 domos.’

146 1223 313 1286 Hactenus.
341 1230 376 1284 ut
388 1224 482 1286 subiit
494 1225 567 1286 vivo
586 1225 722 1286 rorantia
736 1241 813 1287 saxo

189 1309 300 1382 Antra,
316 1309 402 1368 leves
419 1325 543 1371 cursum
557 1308 746 1371 sustinuistis
764 1325 873 1385 aquae.

353 1440 401 1504 15.
432 1443 640 1504 GEID·N>'
671 1443 720 1506 16.
743 1444 800 1504 HF

368 1522 491 1587 17.Αο
520 1526 639 1590 leae
667 1525 786 1588 lace

147 1642 235 1704 Clare
252 1657 352 1718 nepos
368 1641 515 1714 Adantis‚
534 1640 624 1703 ades!
648 1657 737 1718 quern
753 1643 908 1705 montibus
924 1642 995 1704 olim

189 1725 294 1787 Edidit
306 1725 449 1786 Arcadiis
463 1725 564 1787 Pleias
579 1726 641 1787 uda
656 1726 736 1788 Iovia

78 1819 134 1876 666
146 1809 235 1871 Pacis
251 1816 281 1870 et
294 1825 446 1871 annonam
461 1809 582 1886 superis
598 1810 730 1885 imisque
747 1810 874 1872 deorum

188 1891 327 1968 Arbiter,
345 1894 424 1955 alato
446 1894 498 1969 qul
513 1894 594 1969 pede
610 1895 713 1970 carpis
729 1894 803 1955 itera

145 1978 238 2040 Laeto
252 1979 340 2058 lyrae
355 1978 463 2055 pulsu,
479 1977 575 2039 nitida
590 1992 716 2054 quoque
734 1979 813 2039 laete
828 1979 991 2055 palaestra,

191 2062 255 2137 Quo
273 2062 378 2124 didicit
393 2062 472 2123 culte
486 2063 589 2137 lingua
604 2063 734 2123 docente
749 2062 849 2138 loqui=

145 2147 271 2223 Templa
290 2145 342 2207 tibi
356 2161 491 2222 posuere
505 2152 609 2222 patres
625 2146 797 2222 spectantia
812 2145 931 2208 Circum

79 2239 136 2295 676
192 2229 310 2291 idibus.
340 2245 379 2292 ex
393 2230 445 2290 illo
460 2237 511 2291 est
526 2228 603 2290 haec
617 2228 671 2290 tibi
689 2230 768 2292 festa
783 2230 860 2291 dies.

146 2313 201 2386 Te,
219 2314 403 2390 quicumque
417 2329 492 2375 suas
508 2314 667 2390 profitetur
680 2314 816 2374 vendere
830 2328 958 2390 merces,

188 2398 268 2458 Ture
285 2397 372 2470 dato,
390 2396 508 2458 tribuas
527 2403 561 2458 ut
575 2397 634 2458 sibi
650 2397 749 2472 lucra,
765 2404 884 2472 rogant

145 2481 201 2542 Est
215 2497 298 2558 aqua
311 2480 452 2542 Mercurii
467 2488 574 2558 portae
588 2481 690 2542 vicina
705 2481 861 2557 Capenae=

153 2606 157 2612 -
189 2563 221 2626 Si
238 2564 322 2627 iuvat
335 2564 471 2640 expertis
487 2564 626 2639 credere,
647 2579 759 2626 numen
775 2564 874 2625 habet.

77 2657 133 2713 676
145 2649 214 2710 Huc
231 2648 315 2710 venit
328 2648 478 2711 incinctus
490 2649 621 2711 tunicam
636 2654 800 2724 mercator,
817 2654 845 2708 61
860 2661 937 2708 urna

188 2732 286 2795 Purus
302 2732 420 2808 sullita,
436 2749 529 2808 quam
545 2733 636 2808 16161,
655 2731 757 2794 haurit
772 2747 893 2808 aquam.

145 2815 215 2877 Uda
228 2816 262 2876 llt
275 2816 347 2877 hinc
360 2818 473 2879 laurus.
509 2818 593 2878 lauro
612 2822 798 2892 sparguntur
814 2814 852 2877 ab
870 2815 932 2876 uda

190 2898 312 2976 Omnia,
329 2916 409 2978 quae
423 2899 566 2962 dominos
581 2906 653 2962 suut
666 2899 807 2960 habitura
821 2913 932 2960 novos.

147 2981 271 3060 Spargit
288 2983 401 3061 etipse
417 3000 494 3046 suos
509 2985 595 3046 lauro
611 2989 734 3045 rorante
750 2984 888 3059 capillos,

82 3074 136 3131 680
190 3067 228 3128 Et
242 3068 362 3144 peragit
376 3069 466 3129 solitu
481 3069 586 3129 lallcrc
599 3083 679 3130 voce
693 3082 817 3143 preces:

146 3150 259 3213 ‘Ablue
273 3151 429 3228 praeteriti
444 3152 578 3228 periuria
595 3150 743 3228 temporis
751 3155 772 3224 ,2
787 3149 886 3227 inquit

188 3233 299 3295 ‘Ablue
320 3235 482 3312 praeterita
497 3235 616 3311 perfida
630 3234 726 3296 verba
741 3234 806 3295 dict

146 3317 219 3378 Sive
235 3331 293 3394 ego
308 3325 337 3379 16
359 3319 418 3379 1661
433 3326 557 3393 testam,
575 3319 693 3380 lalsove
708 3318 798 3379 6116νί

186 3401 253 3463 Non
268 3403 401 3465 audituri
415 3404 539 3466 numina
553 3419 664 3478 magua
677 3402 776 3463 lovis:

77 3481 325 3549 cassivellauni
341 3487 478 3564 prudens
495 3487 585 3548 alium
601 3486 743 3546 divamve
757 3484 860 3556 1616111,
