2492 3926
428 237 472 308 V,
494 233 652 298 27—102.

79 398 96 449 5
113 387 182 448 lure
197 385 290 448 dabat
303 385 422 462 populo
439 387 552 447 senior.
584 388 731 464 finitaque
745 387 835 448 certis

156 469 291 546 Legibus
306 477 354 529 est
367 477 468 542 aetas,
488 472 571 530 unde
586 477 706 546 petatur
721 471 828 532 honor.

85 586 88 589 Δ
115 554 151 614 Et
163 554 284 614 medius
300 553 459 628 iuvenum,
476 568 537 612 non
553 555 778 629 indignantibus
794 553 881 631 ipsis,

155 637 235 710 lbet,
252 644 283 696 et
296 637 429 710 interior,
453 635 479 695 si
495 651 600 697 comes
616 654 695 698 unus
711 643 784 698 erat.

116 721 218 781 Verba
234 720 303 795 quis
318 719 445 780 auderet
459 735 563 780 curam
578 737 652 782 sene
668 722 760 796 digna
773 719 886 782 rubore

79 817 100 868 ο
153 803 279 876 Dicere,
302 818 462 862 censuram
477 803 570 878 longa
584 813 710 866 senecta
724 805 824 864 dabat.

114 889 262 949 Romulus
276 887 336 946 hoc
351 886 427 946 vidit
441 886 617 962 selectaque
632 895 759 964 pectora
774 896 876 963 patres
963 887 965 894 '

152 971 246 1031 Dixit.
277 971 317 1030 ad
331 969 388 1031 lros
404 969 489 1032 urbis
505 986 623 1032 summa
637 974 732 1033 relata
745 988 854 1032 nuvae.

113 1055 190 1114 Hinc
207 1070 263 1115 sua
277 1054 408 1114 maiores
423 1053 568 1115 tribuisse
582 1055 732 1116 vocabula
745 1055 826 1116 Maio

153 1140 288 1216 Tangor,
312 1145 342 1196 et
360 1139 449 1198 aetati
465 1139 659 1200 consuluisse
674 1154 759 1200 suae.

79 1248 97 1284 o
111 1221 149 1283 Et
161 1221 300 1284 Numitor
314 1221 431 1282 dirissc
445 1229 548 1298 potest
569 1223 656 1298 “Da,
678 1223 821 1295 Romule,
844 1237 980 1284 mensem

152 1306 241 1367 Hunc
256 1305 417 1378 senibus”,
435 1321 492 1366 nec
507 1323 596 1366 avum
612 1306 797 1368 sustinuisse
811 1321 919 1382 nepos.

112 1389 174 1449 Nec
189 1391 257 1449 leve
272 1390 423 1465 propositi
439 1389 548 1464 pignus
564 1406 729 1451 successor
741 1390 867 1451 honoris

153 1473 273 1546 lunius,
291 1489 310 1532 a
323 1473 467 1533 iuvenum
482 1474 604 1534 nomine
619 1474 734 1549 dietus,
748 1473 862 1533 habet?

110 1557 196 1616 Tunc
210 1558 263 1632 sic,
286 1557 442 1640 neglectos
457 1557 573 1617 hedera
587 1557 726 1618 redimita
741 1557 878 1632 capillos,

63 1646 100 1700 80
154 1640 254 1700 Prima
270 1641 318 1700 sui
335 1641 437 1715 eoepit
452 1640 606 1716 Calliopea
620 1641 719 1701 chori:

110 1724 259 1784 ‘Duxerat
274 1723 413 1785 Oceanus
430 1725 583 1799 quondam
597 1725 736 1786 Titanida
748 1723 875 1801 Tethyn,

89 1825 93 1832 ’
152 1807 208 1881 Qui
222 1815 335 1868 terram
348 1807 488 1883 liquidis,
505 1825 565 1884 qua
581 1815 676 1882 patet,
693 1808 786 1868 ambit
799 1805 897 1882 aquis.

108 1891 188 1950 Hinc
203 1897 271 1952 sata
285 1891 408 1951 Pleione
423 1907 491 1951 curn
506 1891 649 1951 caelifero
666 1893 788 1952 Atlante

151 1975 295 2051 Iungitur,
318 1981 351 2034 ut
366 1975 446 2034 latria
460 1981 515 2046 est,
532 1974 736 2050 Pleiadasque
750 1976 837 2051 parit.

59 2065 93 2120 35
109 2057 244 2132 Quarum
252 2057 339 2118 Maia
352 2074 425 2118 suas
441 2061 539 2118 torma
553 2074 720 2133 superasse
735 2074 859 2120 sorores

152 2142 308 2215 traditur,
331 2149 361 2201 et
375 2158 493 2203 summo
509 2140 713 2203 concubuisse
726 2143 800 2204 Iovi.

108 2226 195 2285 Haec
210 2226 301 2286 enixa
315 2226 386 2300 iugo
404 2226 628 2300 cupressiferae
644 2227 794 2303 Cyllenea,

153 2309 338 2369 Aethereum
354 2309 468 2370 volucri
484 2309 535 2384 qui
551 2310 630 2384 pede
647 2311 743 2385 carpit
759 2311 823 2370 iter.

109 2394 251 2452 Arcades
266 2393 359 2466 hunc,
375 2392 545 2466 Ladonque
563 2409 660 2468 rapax
675 2401 704 2453 et
716 2393 874 2454 Maenalus
890 2393 997 2469 ingens

57 2485 93 2540 90
151 2476 220 2536 Rite
235 2477 351 2546 colunt,
368 2477 440 2536 luna
455 2477 570 2537 credita
582 2483 664 2537 terra
678 2478 771 2552 prior.

105 2559 188 2619 Exul
203 2559 241 2618 ab
256 2561 390 2620 Arcadia
403 2559 506 2620 Latius
520 2560 664 2620 Euander
678 2562 708 2620 in
723 2576 815 2635 agros

149 2645 299 2716 Venerat,
316 2643 476 2720 impositos
492 2645 691 2719 attuleratque
709 2645 794 2704 deos.

104 2727 180 2800 Hic,
203 2727 256 2787 ubi
271 2743 351 2789 nune
366 2729 540 2801 Romaest,
558 2727 642 2788 orbis
658 2736 762 2803 caput,
779 2729 871 2788 arbor
884 2735 914 2789 et
927 2725 1041 2787 herbae

149 2812 188 2870 Et
201 2826 319 2886 paucae
334 2812 470 2887 pecudes
486 2819 515 2870 et
530 2827 603 2871 casa
616 2827 686 2870 rara
700 2813 764 2871 luit.

54 2901 89 2958 95
107 2893 174 2968 Quo
183 2902 477 2969 postquamventum
488 2902 543 2967 est,
556 2894 743 2955 “Consistite
752 2900 784 2953 t”
797 2896 937 2971 praescia
947 2901 1040 2954 mater

149 2978 252 3036 “Nam
267 2978 354 3039 loeus
368 2978 486 3052 imperii
503 2995 556 3037 rus
572 2979 627 3038 erit
642 2979 749 3039 istud”
767 2979 816 3039 ait.

105 3063 145 3122 Et
158 3061 246 3121 matri
261 3068 292 3121 et
305 3062 367 3121 vati
383 3066 468 3137 paret
482 3062 650 3122 Nonacrius
665 3062 767 3136 heros,

150 3145 247 3219 lnque
261 3145 424 3220 peregrina
440 3145 574 3205 constitit
587 3145 705 3220 hospes
720 3146 821 3207 humo.

107 3229 268 3303 Sacraque
282 3230 376 3289 multa
393 3228 529 3303 quidem,
553 3230 611 3289 sed
624 3228 719 3290 Fauni
735 3231 832 3305 prima
848 3231 981 3292 bicornis

40 3324 89 3375 loo
145 3313 211 3372 Has
227 3313 332 3372 docuit
346 3320 454 3387 gentes
472 3312 664 3388 alipedisque
679 3315 738 3374 dei.

106 3395 303 3470 semicaper,
319 3396 430 3456 coleris
445 3396 600 3469 cinctutis,
616 3396 736 3470 Fauna,
752 3399 909 3474 Lupercis,

150 3480 224 3540 Cum
239 3481 368 3540 lustrant
383 3479 520 3540 celebres
537 3481 650 3540 vellera
665 3488 749 3541 secta
764 3481 840 3542 vias.
