2394 3940
336 285 392 348 tll.
416 282 449 355 1,
472 282 592 360 99—-2,
614 283 644 347 5.

77 439 144 499 lum
158 437 216 510 tibi,
239 436 270 496 di
286 435 405 508 iaciant,
428 438 562 500 adeundi
578 439 668 514 copia
683 439 750 500 liat:

113 522 280 583 Profectum
296 521 411 596 aliquid
425 527 487 580 tunt
502 528 552 580 tua
569 523 661 582 verba
677 532 775 600 putes.

79 605 108 666 st
122 606 190 682 quid
204 612 271 680 aget
285 605 393 679 maius,
416 601 505 664 differ
519 613 570 665 tua
585 613 703 682 coepta.
737 623 875 683 caveque

35 703 69 750 tto
114 689 200 766 Spem
214 688 385 749 testinando
402 687 603 763 praecipitare
619 706 726 751 meam.

79 774 133 833 llec
146 789 247 834 rursus
262 772 364 844 iubeo,
387 772 458 832 dum
474 772 513 832 sit
529 773 721 846 vacuissima,
744 791 890 852 quaeras:

116 857 249 934 Corporis
264 857 305 916 ad
320 871 422 916 curam
440 856 491 916 vix
508 864 595 917 vacat
609 858 660 917 illa
675 859 733 920 sui.

82 941 236 1001 Curiorum
252 939 389 1016 patribus
406 941 494 1000 luerit
510 941 620 1017 stipata
636 945 786 1017 verendis,

113 1025 165 1084 Per
179 1041 274 1084 rerum
289 1025 407 1085 turbam
421 1032 452 1084 tu
469 1041 592 1100 quoque
608 1034 728 1102 oportet
743 1044 806 1088 eas.

39 1117 71 1169 tto
82 1109 143 1169 Cant
157 1109 205 1168 tibi
220 1109 377 1183 contigerit
394 1109 507 1169 vultum
522 1109 645 1170 lunonis
662 1111 755 1185 adire,

116 1191 170 1252 Fac
184 1193 225 1253 sis
240 1207 403 1269 personae,
428 1209 517 1266 quam
533 1201 645 1267 tueare,
669 1210 794 1255 memor.

82 1276 133 1336 llec
147 1277 251 1338 iactum
268 1278 399 1336 defende
414 1291 525 1336 meum
558 1279 637 1337 mala
652 1294 746 1340 causa
760 1280 879 1340 silenda
893 1289 947 1341 est.

116 1361 158 1419 Nil
171 1362 226 1420 nisi
241 1361 389 1422 sollicitae
405 1361 465 1420 sint
479 1368 530 1420 tua
546 1362 639 1422 verba
655 1379 772 1438 preces.

82 1445 143 1504 Tum
156 1445 282 1505 lacrimis
298 1446 449 1506 demenda
463 1461 549 1504 mora
564 1454 619 1517 est,
643 1448 867 1524 summissaque
884 1456 963 1509 terra

42 1535 74 1586 tto
115 1529 159 1588 Ad
172 1545 228 1588 non
244 1529 380 1590 mortalis
396 1528 521 1589 brachia
535 1529 626 1588 tende
641 1531 747 1604 pedes.

82 1609 144 1671 lunt
157 1622 221 1688 pete
237 1614 277 1674 nil
293 1613 383 1685 aliud,
407 1629 503 1673 saevo
519 1613 577 1674 nisi
593 1612 631 1673 ab
647 1613 736 1675 hoste
750 1616 907 1676 recedam:

114 1695 228 1757 Hostem
243 1697 392 1758 fortunam
409 1697 447 1757 sit
462 1697 536 1758 satis
552 1713 622 1757 esse
638 1698 719 1757 milri.

81 1775 156 1840 Plura
170 1782 289 1856 quidem
305 1781 443 1840 subcunt.
481 1781 537 1842 sed
554 1781 723 1842 disturbata
739 1784 845 1844 timore

115 1863 188 1924 llaec
204 1881 327 1941 quoque
343 1866 394 1924 vix
409 1865 524 1940 poteris
540 1880 617 1926 voce
633 1873 778 1927 tremente
794 1867 887 1943 loqui.

43 1955 74 2006 tta
84 1945 211 2024 Suspicor
225 1949 284 2010 hoc
300 1950 410 2010 damno
422 1950 492 2010 ¹lore
508 1966 568 2011 non
584 1949 646 2010 tibi.
672 1951 781 2012 sentiet
795 1951 845 2010 illa

115 2032 150 2092 Te
163 2035 347 2094 maiestatem
362 2033 555 2108 pertimuisse
571 2049 666 2094 suam.

82 2115 139 2189 llec,
155 2118 242 2179 tua‘si
258 2115 332 2177 lietu
346 2118 522 2178 scindentur
539 2118 641 2192 verba,
664 2115 793 2182 nocebit.

113 2201 253 2261 Interdum
268 2201 409 2261 lacrimae
426 2202 562 2276 pondera
577 2203 665 2263 vocis
679 2202 801 2263 habent.
913 2226 920 2232 ·

81 2281 134 2343 lox
146 2285 232 2346 etiam
247 2287 364 2362 coeptis
380 2285 470 2345 tacito
485 2285 567 2347 bona
580 2287 691 2347 tatibus
707 2288 795 2361 adsit,

41 2369 73 2423 tlt
112 2367 245 2445 Horaque
261 2369 448 2430 conveniens
464 2370 695 2445 auspiciumque
712 2371 829 2429 favens.

82 2448 131 2511 Sed
143 2454 225 2528 prius
239 2455 386 2530 imposito
400 2454 514 2514 sanctis
529 2454 674 2515 altaribus
690 2454 751 2528 igni

111 2537 181 2597 Tura
197 2539 242 2597 ier
257 2540 297 2599 ad
312 2553 441 2613 magnos
457 2538 589 2614 vinaque
605 2555 681 2614 pura
695 2538 781 2598 deos.

79 2617 209 2694 liquibus
225 2628 295 2682 ante
311 2622 409 2683 omnis
424 2624 594 2698 Augustum
610 2638 720 2683 numen
737 2621 841 2696 adora,

109 2703 340 2782 progeniemque
356 2708 445 2783 piam,
467 2707 706 2783 participemque
722 2705 789 2766 tori.

40 2787 70 2841 tta
80 2783 131 2846 Sint
143 2789 254 2850 utinam
268 2792 356 2852 mites
372 2791 461 2850 solito
476 2789 529 2850 tibi
544 2805 637 2866 more,
660 2800 790 2866 tuasque

112 2871 169 2933 Non
186 2875 270 2936 duris
286 2875 426 2936 lacrimas
442 2875 575 2936 vultibus
592 2875 754 2951 aspiciant!

43 3047 69 3139 2·
109 3090 287 3152 corrnu.

80 3167 163 3276 Quam
179 3211 256 3286 legis
272 3211 394 3271 anobis
410 3212 535 3271 missam
550 3210 611 3283 tibi,
636 3209 729 3282 Cotta,
750 3211 886 3287 salutem,

107 3293 193 3355 Missa
208 3296 247 3355 sit
261 3304 296 3356 ut
311 3311 382 3356 vere
399 3295 627 3371 perveniatque,
648 3309 767 3368 precor.

76 3374 191 3454 Namque
207 3381 284 3441 meis
300 3395 413 3456 sospes
429 3380 552 3439 multum
569 3379 751 3440 cruciatibus
766 3379 878 3453 aufers,

107 3463 196 3540 thue
213 3465 253 3526 sit
267 3480 284 3524 e
300 3464 389 3525 nobis
404 3480 477 3539 pars
492 3463 574 3524 barra
589 3462 683 3534 salva,
701 3463 786 3526 tacis.

58 3541 191 3626 utumque
207 3549 311 3610 labent
324 3549 433 3624 aliqui,
455 3546 628 3623 iactataque
642 3547 710 3607 vela
724 3547 903 3619 relinquant,
