2492 3926
411 270 462 338 iv,
485 265 661 330 alt-911.
718 348 722 356 ¹
982 267 1044 330 aas

117 423 176 484 000
188 423 281 499 igitur
293 421 425 482 Veneris
440 421 550 480 festum
563 417 686 477 Vinalia
701 417 811 494 dicant,

160 505 323 581 Quaeritis,
340 511 370 564 et
385 519 480 578 quare
494 504 534 564 sit
547 501 630 562 lovis
646 501 705 560 ista
720 501 808 561 diest

117 591 251 662 Turnus,
267 595 306 650 'an
320 589 443 648 Aeneas
457 587 562 648 Latiae
577 592 769 661 generasset
782 587 918 658 Amatae,

50 681 107 734 080
159 674 277 734 Bellum
293 678 372 732 erat:
398 671 543 732 Etruscas
557 669 674 728 Turnus
690 669 817 744 adoptat
832 684 918 744 opes.

118 757 224 817 clarus
245 762 323 830 erat,
339 755 533 831 sumptisque
547 754 634 815 ferox
648 752 817 813 Mezentius
832 752 933 826 armis,

150 840 195 900 ut
209 841 257 900 vel
273 855 353 913 equo
368 855 510 914 magnus,
527 839 577 897 vel
595 837 675 912 pede
692 836 789 896 maior
802 845 876 896 erat

118 923 211 997 Quem
225 923 327 983 Rutuli
341 924 521 996 Turnusque
536 921 600 980 suis
616 919 791 980 adsciscere
805 927 930 996 temptat

160 1007 310 1067 Partibus.
338 1006 416 1066 baec
431 1014 535 1067 contra
550 1006 613 1065 dux
627 1003 668 1063 ita
681 1004 799 1064 Tuscus
815 1004 870 1064 ait:

51 1094 105 1148 805
119 1091 200 1152 ‘Stat
218 1090 291 1150 mihi
305 1107 367 1151 non
382 1105 478 1165 parvo
493 1091 589 1149 virtus
604 1102 681 1147 mea.
710 1088 837 1148 volnera
851 1095 954 1160 testor,

157 1179 330 1248 Armaque,
349 1188 428 1248 quae
442 1172 544 1249 sparsi
559 1171 706 1246 sanguine
722 1186 818 1248 saepe
837 1186 916 1232 meo.

117 1259 173 1335 Qui
188 1259 268 1335 petis
283 1257 520 1330 auxiliunt‚'non
535 1255 663 1332 grandia
678 1255 781 1316 divide
795 1271 913 1316 mecum

156 1342 310 1414 Praemia,
326 1341 365 1400 de
380 1341 507 1401 lacubus
524 1339 664 1415 proxima
677 1347 778 1400 musta
792 1340 861 1401 tuis.

115 1427 204 1486 Nulla
232 1441 317 1484 mora
344 1433 390 1484 est
416 1441 538 1502 operae.
579 1430 711 1484 vestrum
740 1431 787 1484 est
809 1425 896 1498 dare,
923 1423 1044 1484 vincere

669 1516 814 1566 nostrum.

52 1601 106 1654 890
162 1594 257 1666 Quam
274 1592 348 1652 velit
361 1594 484 1653 Aeneas
500 1593 557 1652 ista
572 1597 681 1666 negata
697 1590 797 1650 mihit'

115 1679 296 1738 Adnueraut
308 1676 420 1737 Rutuli.
449 1676 616 1736 Mezentius
632 1674 728 1735 induit
742 1691 834 1746 arma,

158 1760 261 1820 Induit
274 1765 411 1833 Aeneas,
428 1760 664 1834 adloquiturque
678 1759 797 1818 lovem:

117 1845 255 1904 ‘Hostiae
270 1844 428 1922 Tyrrheno
447 1851 517 1904 uota
531 1849 578 1902 est
592 1842 746 1902 vindemia
759 1843 838 1918 regi:

158 1927 308 2003 luppiter,
327 1929 443 1988 eLatio
460 1927 582 2003 palmite
598 1934 697 1987 musta
711 1928 820 1987 lerest’

54 2025 104 2079 895
118 2015 201 2072 Vota
214 2012 316 2070 valent
332 2012 466 2071 meliora.
498 2011 578 2072 cadit
591 2009 760 2072 Mezentius
775 2013 891 2087 ingens,

156 2100 259 2169 Atque
274 2095 441 2170 indignanti
456 2102 581 2170 pectore
599 2095 714 2170 plangit
728 2095 859 2155 humum.

113 2181 250 2240 Venerat
263 2179 434 2240 Autumnus
449 2179 574 2239 calcatis
590 2179 734 2240 sordidus
749 2180 833 2251 uvis:

154 2261 337 2323 Redduntur
351 2263 457 2323 merito
474 2263 574 2323 debita
588 2263 659 2321 vina
672 2263 748 2324 lovi.

114 2346 203 2408 Dicta
217 2345 284 2404 dies
298 2345 369 2406 hinc
384 2354 431 2406 est
446 2347 578 2406 Vinalia.
606 2345 743 2420 Iuppiter
757 2346 837 2406 illam

53 2437 104 2494 900
159 2427 317 2501 Vindicat,
336 2437 365 2489 et
380 2431 466 2490 lestis
481 2430 593 2505 gaudet
609 2428 712 2488 inesse
728 2429 802 2490 suis.

316 2562 366 2626 al.
388 2564 444 2624 BC
486 2563 537 2626 25.
560 2567 582 2625 C
602 2562 760 2625 ROBR)

115 2679 180 2742 Sex
200 2681 266 2755 ubi,
287 2698 366 2759 quae
380 2690 509 2756 restant,
530 2685 615 2744 luces
629 2683 745 2760 Aprilis
760 2683 892 2759 habebit,

156 2766 190 2825 10
205 2767 306 2827 medio
323 2782 414 2827 cursu
428 2774 566 2843 tempora
579 2769 661 2828 veris
676 2763 772 2842 erunt,

113 2849 153 2910 Et
167 2851 280 2910 frustra
295 2850 444 2925 pecudem
460 2867 589 2928 quaeres
605 2851 839 2912 Athamantidos
852 2853 965 2928 Helles,

160 2930 317 3006 Signaque
331 2934 404 2992 dant
418 2935 546 3009 imbres,
563 2935 759 3010 exoriturque
775 2933 875 2997 Canis.

52 3027 102 3081 uos
115 3015 183 3074 Hac
199 3013 270 3074 milli
285 3016 433 3078 Nomento
448 3019 577 3079 Romam
592 3035 661 3080 uum
676 3020 744 3080 luce
758 3020 898 3095 redirem,

157 3096 278 3158 Obstitit
292 3099 322 3158 10
337 3101 439 3160 media
453 3103 584 3162 candida
597 3102 684 3162 turba
698 3103 758 3163 via.

112 3181 238 3241 Flamen
254 3183 285 3242 10
299 3183 443 3257 autiquae
460 3186 558 3246 lucum
575 3185 734 3260 Robiginis
749 3186 821 3259 ibat,

152 3264 232 3325 Exta
246 3266 331 3327 canis
347 3265 493 3344 flammis,
509 3277 579 3329 exta
595 3270 720 3329 daturus
737 3269 813 3330 ovis.

112 3349 258 3410 Protinus
274 3351 408 3426 accessi,
423 3352 499 3413 ritus
514 3368 553 3412 ne
567 3353 691 3413 nescius
706 3368 818 3414 essem.

49 3438 99 3494 010
154 3431 258 3494 Edidit
271 3433 348 3494 haec
362 3435 486 3496 Flamen
502 3436 611 3508 verba,
630 3435 767 3509 Quirine,
783 3443 867 3495 tunsa

113 3517 251 3592 ‘Aspera
266 3518 403 3594 Robigo,
422 3535 530 3594 parcas
546 3519 714 3579 Cerialibus
729 3518 842 3591 herbis
