<?xml version="1.0" encoding="UTF-8"?>
<!DOCTYPE html PUBLIC "-//W3C//DTD XHTML 1.0 Transitional//EN"
    "http://www.w3.org/TR/xhtml1/DTD/xhtml1-transitional.dtd">
<html xmlns="http://www.w3.org/1999/xhtml" xml:lang="en" lang="en">
 <head>
  <title>
</title>
<meta http-equiv="Content-Type" content="text/html;charset=utf-8" />
  <meta name='ocr-system' content='tesseract 3.04.00' />
  <meta name='ocr-capabilities' content='ocr_page ocr_carea ocr_par ocr_line ocrx_word'/>
</head>
<body>
  <div class='ocr_page' id='page_1' title='image "./povidiusnaso00goog_0319.png"; bbox 0 0 2492 3926; ppageno 0'>
   <div class='ocr_carea' id='block_1_1' title="bbox 237 245 879 316">
    <p class='ocr_par' dir='ltr' id='par_1_1' title="bbox 237 245 879 316">
     <span class='ocr_line' id='line_1_1' title="bbox 237 245 879 316; baseline 0.003 -12"><span class='ocrx_word' id='word_1_1' title='bbox 237 250 299 316; x_wconf 78' lang='grc'><strong>308</strong></span> <span class='ocrx_word' id='word_1_2' title='bbox 626 245 879 307; x_wconf 73' lang='lat' dir='ltr'><strong>rnsrolttttl</strong></span> 
     </span>
    </p>
   </div>
   <div class='ocr_carea' id='block_1_2' title="bbox 253 398 1235 2376">
    <p class='ocr_par' dir='ltr' id='par_1_2' title="bbox 253 398 1235 2376">
     <span class='ocr_line' id='line_1_2' title="bbox 253 398 1081 480; baseline -0.01 -12"><span class='ocrx_word' id='word_1_3' title='bbox 253 413 307 470; x_wconf 81' lang='grc'><strong>470</strong></span> <span class='ocrx_word' id='word_1_4' title='bbox 362 403 464 480; x_wconf 89' lang='lat' dir='ltr'><strong>thue</strong></span> <span class='ocrx_word' id='word_1_5' title='bbox 478 415 536 478; x_wconf 87' lang='lat' dir='ltr'><strong>ego</strong></span> <span class='ocrx_word' id='word_1_6' title='bbox 551 399 608 462; x_wconf 91' lang='lat' dir='ltr'><strong>sub</strong></span> <span class='ocrx_word' id='word_1_7' title='bbox 623 406 721 458; x_wconf 82' lang='lat' dir='ltr'><strong>terras</strong></span> <span class='ocrx_word' id='word_1_8' title='bbox 738 398 992 474; x_wconf 75' lang='lat' dir='ltr'><strong>sanguinulentus</strong></span> <span class='ocrx_word' id='word_1_9' title='bbox 1008 407 1081 460; x_wconf 81' lang='lat' dir='ltr'><strong>eost</strong></span> 
     </span>
     <span class='ocr_line' id='line_1_3' title="bbox 317 482 1080 558; baseline -0.009 -10"><span class='ocrx_word' id='word_1_10' title='bbox 317 487 421 550; x_wconf 79' lang='lat' dir='ltr'><strong>Noluit</strong></span> <span class='ocrx_word' id='word_1_11' title='bbox 434 487 494 548; x_wconf 88' lang='lat' dir='ltr'><strong>hoo</strong></span> <span class='ocrx_word' id='word_1_12' title='bbox 508 486 609 546; x_wconf 86' lang='lat' dir='ltr'><strong>trater.</strong></span> <span class='ocrx_word' id='word_1_13' title='bbox 640 483 740 558; x_wconf 90' lang='lat' dir='ltr'><strong>pietas</strong></span> <span class='ocrx_word' id='word_1_14' title='bbox 755 482 893 557; x_wconf 88' lang='lat' dir='ltr'><strong>aequalis</strong></span> <span class='ocrx_word' id='word_1_15' title='bbox 909 482 940 543; x_wconf 88' lang='lat' dir='ltr'><strong>in</strong></span> <span class='ocrx_word' id='word_1_16' title='bbox 954 482 1006 544; x_wconf 93' lang='lat' dir='ltr'><strong>illo</strong></span> <span class='ocrx_word' id='word_1_17' title='bbox 1020 491 1080 544; x_wconf 86' lang='lat' dir='ltr'><strong>est.</strong></span> 
     </span>
     <span class='ocr_line' id='line_1_4' title="bbox 360 566 1066 648; baseline -0.011 -15"><span class='ocrx_word' id='word_1_18' title='bbox 360 571 450 647; x_wconf 81' lang='lat' dir='ltr'><strong>Quod</strong></span> <span class='ocrx_word' id='word_1_19' title='bbox 465 567 578 648; x_wconf 90' lang='lat' dir='ltr'><strong>potuit,</strong></span> <span class='ocrx_word' id='word_1_20' title='bbox 592 567 734 628; x_wconf 80' lang='lat' dir='ltr'>lacrimas</span> <span class='ocrx_word' id='word_1_21' title='bbox 748 566 889 628; x_wconf 86' lang='lat' dir='ltr'><strong>manibus</strong></span> <span class='ocrx_word' id='word_1_22' title='bbox 905 567 956 628; x_wconf 92' lang='lat' dir='ltr'><strong>ille</strong></span> <span class='ocrx_word' id='word_1_23' title='bbox 970 566 1066 628; x_wconf 83' lang='lat' dir='ltr'>dedit.</span> 
     </span>
     <span class='ocr_line' id='line_1_5' title="bbox 317 651 1215 732; baseline -0.003 -16"><span class='ocrx_word' id='word_1_24' title='bbox 317 655 407 718; x_wconf 86' lang='lat' dir='ltr'><strong>lluno</strong></span> <span class='ocrx_word' id='word_1_25' title='bbox 422 670 482 718; x_wconf 90' lang='lat' dir='ltr'><strong>vos</strong></span> <span class='ocrx_word' id='word_1_26' title='bbox 496 669 553 732; x_wconf 90' lang='lat' dir='ltr'><strong>per</strong></span> <span class='ocrx_word' id='word_1_27' title='bbox 570 653 729 726; x_wconf 79' lang='lat' dir='ltr'><strong>lacrimas,</strong></span> <span class='ocrx_word' id='word_1_28' title='bbox 744 666 802 728; x_wconf 91' lang='lat' dir='ltr'><strong>per</strong></span> <span class='ocrx_word' id='word_1_29' title='bbox 815 658 920 712; x_wconf 85' lang='lat' dir='ltr'><strong>vestra</strong></span> <span class='ocrx_word' id='word_1_30' title='bbox 934 651 1081 712; x_wconf 84' lang='lat' dir='ltr'><strong>alimenta</strong></span> <span class='ocrx_word' id='word_1_31' title='bbox 1094 662 1215 728; x_wconf 82' lang='lat' dir='ltr'><strong>rogate,</strong></span> 
     </span>
     <span class='ocr_line' id='line_1_6' title="bbox 362 734 1056 811; baseline -0.006 -11"><span class='ocrx_word' id='word_1_32' title='bbox 362 739 403 800; x_wconf 88' lang='lat' dir='ltr'><strong>Ut</strong></span> <span class='ocrx_word' id='word_1_33' title='bbox 417 739 570 802; x_wconf 79' lang='lat' dir='ltr'>celebrem</span> <span class='ocrx_word' id='word_1_34' title='bbox 582 742 689 799; x_wconf 89' lang='lat' dir='ltr'><strong>nostro</strong></span> <span class='ocrx_word' id='word_1_35' title='bbox 704 735 804 811; x_wconf 89' lang='lat' dir='ltr'><strong>signet</strong></span> <span class='ocrx_word' id='word_1_36' title='bbox 817 734 936 797; x_wconf 90' lang='lat' dir='ltr'><strong>honore</strong></span> <span class='ocrx_word' id='word_1_37' title='bbox 950 735 1056 796; x_wconf 66' lang='lat' dir='ltr'><strong>diem?</strong></span> 
     </span>
     <span class='ocr_line' id='line_1_7' title="bbox 254 817 1173 898; baseline 0 -18"><span class='ocrx_word' id='word_1_38' title='bbox 254 825 307 883; x_wconf 84' lang='grc'><strong>475</strong></span> <span class='ocrx_word' id='word_1_39' title='bbox 321 822 516 886; x_wconf 86' lang='lat' dir='ltr'><strong>Mandantem</strong></span> <span class='ocrx_word' id='word_1_40' title='bbox 529 819 673 898; x_wconf 77' lang='lat' dir='ltr'>amplecti</span> <span class='ocrx_word' id='word_1_41' title='bbox 687 819 814 895; x_wconf 87' lang='lat' dir='ltr'><strong>eupiunt</strong></span> <span class='ocrx_word' id='word_1_42' title='bbox 828 825 858 880; x_wconf 87' lang='lat' dir='ltr'><strong>et</strong></span> <span class='ocrx_word' id='word_1_43' title='bbox 871 817 1016 880; x_wconf 88' lang='lat' dir='ltr'><strong>braoobia</strong></span> <span class='ocrx_word' id='word_1_44' title='bbox 1028 819 1173 881; x_wconf 83' lang='lat' dir='ltr'><strong>tendunt</strong></span> 
     </span>
     <span class='ocr_line' id='line_1_8' title="bbox 358 901 1067 982; baseline -0.007 -15"><span class='ocrx_word' id='word_1_45' title='bbox 358 908 491 970; x_wconf 77' lang='lat' dir='ltr'><strong>Lubrica</strong></span> <span class='ocrx_word' id='word_1_46' title='bbox 503 910 687 982; x_wconf 82' lang='lat' dir='ltr'><strong>prensantes</strong></span> <span class='ocrx_word' id='word_1_47' title='bbox 702 901 810 978; x_wconf 80' lang='lat' dir='ltr'><strong>effugit</strong></span> <span class='ocrx_word' id='word_1_48' title='bbox 822 903 931 964; x_wconf 84' lang='lat' dir='ltr'><strong>umbra</strong></span> <span class='ocrx_word' id='word_1_49' title='bbox 944 917 1067 968; x_wconf 86' lang='lat' dir='ltr'><strong>manus.</strong></span> 
     </span>
     <span class='ocr_line' id='line_1_9' title="bbox 317 986 1022 1066; baseline -0.007 -13"><span class='ocrx_word' id='word_1_50' title='bbox 317 993 357 1054; x_wconf 87' lang='lat' dir='ltr'><strong>tlt</strong></span> <span class='ocrx_word' id='word_1_51' title='bbox 371 1006 475 1052; x_wconf 87' lang='lat' dir='ltr'><strong>seeum</strong></span> <span class='ocrx_word' id='word_1_52' title='bbox 490 989 611 1066; x_wconf 86' lang='lat' dir='ltr'><strong>lugiens</strong></span> <span class='ocrx_word' id='word_1_53' title='bbox 626 1002 754 1049; x_wconf 89' lang='lat' dir='ltr'><strong>somnos</strong></span> <span class='ocrx_word' id='word_1_54' title='bbox 769 987 897 1050; x_wconf 88' lang='lat' dir='ltr'><strong>abduxit</strong></span> <span class='ocrx_word' id='word_1_55' title='bbox 910 986 1022 1064; x_wconf 80' lang='lat' dir='ltr'><strong>imago,</strong></span> 
     </span>
     <span class='ocr_line' id='line_1_10' title="bbox 359 1071 1026 1152; baseline 0.003 -17"><span class='ocrx_word' id='word_1_56' title='bbox 359 1074 410 1135; x_wconf 82' lang='lat' dir='ltr'><strong>nd</strong></span> <span class='ocrx_word' id='word_1_57' title='bbox 423 1089 528 1152; x_wconf 87' lang='lat' dir='ltr'><strong>regem</strong></span> <span class='ocrx_word' id='word_1_58' title='bbox 541 1087 638 1136; x_wconf 87' lang='lat' dir='ltr'><strong>voees</strong></span> <span class='ocrx_word' id='word_1_59' title='bbox 653 1071 755 1134; x_wconf 88' lang='lat' dir='ltr'><strong>iratris</strong></span> <span class='ocrx_word' id='word_1_60' title='bbox 769 1077 899 1148; x_wconf 90' lang='lat' dir='ltr'><strong>uterque</strong></span> <span class='ocrx_word' id='word_1_61' title='bbox 915 1071 1026 1136; x_wconf 84' lang='lat' dir='ltr'><strong>ierunt</strong></span> 
     </span>
     <span class='ocr_line' id='line_1_11' title="bbox 316 1155 1105 1234; baseline -0.004 -14"><span class='ocrx_word' id='word_1_62' title='bbox 316 1159 466 1222; x_wconf 85' lang='lat' dir='ltr'><strong>Romulus</strong></span> <span class='ocrx_word' id='word_1_63' title='bbox 480 1157 671 1234; x_wconf 86' lang='lat' dir='ltr'><strong>obsequitur,</strong></span> <span class='ocrx_word' id='word_1_64' title='bbox 687 1157 851 1234; x_wconf 85' lang='lat' dir='ltr'><strong>lucemque</strong></span> <span class='ocrx_word' id='word_1_65' title='bbox 864 1155 1011 1218; x_wconf 87' lang='lat' dir='ltr'><strong>Remuria</strong></span> <span class='ocrx_word' id='word_1_66' title='bbox 1027 1155 1105 1218; x_wconf 89' lang='lat' dir='ltr'><strong>dioit</strong></span> 
     </span>
     <span class='ocr_line' id='line_1_12' title="bbox 253 1239 998 1319; baseline -0.012 -12"><span class='ocrx_word' id='word_1_67' title='bbox 253 1251 306 1307; x_wconf 80' lang='grc'><strong>485</strong></span> <span class='ocrx_word' id='word_1_68' title='bbox 362 1244 460 1318; x_wconf 88' lang='lat' dir='ltr'><strong>illam,</strong></span> <span class='ocrx_word' id='word_1_69' title='bbox 476 1258 538 1319; x_wconf 90' lang='lat' dir='ltr'><strong>qua</strong></span> <span class='ocrx_word' id='word_1_70' title='bbox 550 1241 662 1318; x_wconf 87' lang='lat' dir='ltr'><strong>positis</strong></span> <span class='ocrx_word' id='word_1_71' title='bbox 676 1241 758 1304; x_wconf 84' lang='lat' dir='ltr'><strong>iusto</strong></span> <span class='ocrx_word' id='word_1_72' title='bbox 771 1241 906 1302; x_wconf 81' lang='lat' dir='ltr'><strong>teruntur</strong></span> <span class='ocrx_word' id='word_1_73' title='bbox 920 1239 998 1302; x_wconf 83' lang='lat' dir='ltr'><strong>avis.</strong></span> 
     </span>
     <span class='ocr_line' id='line_1_13' title="bbox 316 1325 1049 1403; baseline -0.004 -15"><span class='ocrx_word' id='word_1_74' title='bbox 316 1328 439 1403; x_wconf 84' lang='lat' dir='ltr'><strong>Aspera</strong></span> <span class='ocrx_word' id='word_1_75' title='bbox 452 1331 568 1388; x_wconf 79' lang='lat' dir='ltr'><strong>mumta</strong></span> <span class='ocrx_word' id='word_1_76' title='bbox 581 1332 630 1386; x_wconf 89' lang='lat' dir='ltr'><strong>est</strong></span> <span class='ocrx_word' id='word_1_77' title='bbox 642 1325 673 1386; x_wconf 93' lang='lat' dir='ltr'><strong>in</strong></span> <span class='ocrx_word' id='word_1_78' title='bbox 687 1325 789 1386; x_wconf 90' lang='lat' dir='ltr'><strong>lenem</strong></span> <span class='ocrx_word' id='word_1_79' title='bbox 800 1332 940 1401; x_wconf 86' lang='lat' dir='ltr'><strong>tempore</strong></span> <span class='ocrx_word' id='word_1_80' title='bbox 954 1325 1049 1402; x_wconf 85' lang='lat' dir='ltr'><strong>longo</strong></span> 
     </span>
     <span class='ocr_line' id='line_1_14' title="bbox 358 1409 994 1486; baseline -0.003 -17"><span class='ocrx_word' id='word_1_81' title='bbox 358 1410 486 1486; x_wconf 87' lang='lat' dir='ltr'><strong>Littera,</strong></span> <span class='ocrx_word' id='word_1_82' title='bbox 502 1425 582 1486; x_wconf 89' lang='lat' dir='ltr'><strong>quae</strong></span> <span class='ocrx_word' id='word_1_83' title='bbox 595 1415 660 1471; x_wconf 89' lang='lat' dir='ltr'><strong>toto</strong></span> <span class='ocrx_word' id='word_1_84' title='bbox 678 1409 803 1472; x_wconf 88' lang='lat' dir='ltr'><strong>nornine</strong></span> <span class='ocrx_word' id='word_1_85' title='bbox 816 1409 915 1486; x_wconf 90' lang='lat' dir='ltr'><strong>prima</strong></span> <span class='ocrx_word' id='word_1_86' title='bbox 929 1409 994 1469; x_wconf 87' lang='lat' dir='ltr'><strong>luit.</strong></span> 
     </span>
     <span class='ocr_line' id='line_1_15' title="bbox 317 1493 1074 1556; baseline -0.003 0"><span class='ocrx_word' id='word_1_87' title='bbox 317 1494 392 1556; x_wconf 86' lang='lat' dir='ltr'><strong>Mox</strong></span> <span class='ocrx_word' id='word_1_88' title='bbox 406 1494 498 1554; x_wconf 88' lang='lat' dir='ltr'><strong>eliam</strong></span> <span class='ocrx_word' id='word_1_89' title='bbox 510 1496 643 1556; x_wconf 92' lang='lat' dir='ltr'><strong>lemures</strong></span> <span class='ocrx_word' id='word_1_90' title='bbox 658 1494 776 1555; x_wconf 86' lang='lat' dir='ltr'><strong>animas</strong></span> <span class='ocrx_word' id='word_1_91' title='bbox 791 1494 899 1555; x_wconf 88' lang='lat' dir='ltr'><strong>dixere</strong></span> <span class='ocrx_word' id='word_1_92' title='bbox 919 1493 1074 1556; x_wconf 91' lang='lat' dir='ltr'><strong>silentum.</strong></span> 
     </span>
     <span class='ocr_line' id='line_1_16' title="bbox 360 1577 973 1653; baseline 0.003 -15"><span class='ocrx_word' id='word_1_93' title='bbox 360 1578 418 1639; x_wconf 87' lang='lat' dir='ltr'><strong>Hie</strong></span> <span class='ocrx_word' id='word_1_94' title='bbox 434 1594 546 1640; x_wconf 90' lang='lat' dir='ltr'><strong>sensus</strong></span> <span class='ocrx_word' id='word_1_95' title='bbox 562 1577 664 1653; x_wconf 91' lang='lat' dir='ltr'><strong>verbi,</strong></span> <span class='ocrx_word' id='word_1_96' title='bbox 679 1578 728 1640; x_wconf 92' lang='lat' dir='ltr'><strong>vis</strong></span> <span class='ocrx_word' id='word_1_97' title='bbox 744 1594 782 1638; x_wconf 85' lang='lat' dir='ltr'><strong>ea</strong></span> <span class='ocrx_word' id='word_1_98' title='bbox 795 1579 883 1639; x_wconf 84' lang='lat' dir='ltr'><strong>vocis</strong></span> <span class='ocrx_word' id='word_1_99' title='bbox 899 1584 973 1640; x_wconf 88' lang='lat' dir='ltr'><strong>emt</strong></span> 
     </span>
     <span class='ocr_line' id='line_1_17' title="bbox 253 1661 1024 1736; baseline 0.003 -16"><span class='ocrx_word' id='word_1_100' title='bbox 253 1663 306 1720; x_wconf 85' lang='grc'><strong>485</strong></span> <span class='ocrx_word' id='word_1_101' title='bbox 319 1661 403 1722; x_wconf 78' lang='lat' dir='ltr'><strong>Fano</strong></span> <span class='ocrx_word' id='word_1_102' title='bbox 418 1669 520 1724; x_wconf 84' lang='lat' dir='ltr'><strong>tomen</strong></span> <span class='ocrx_word' id='word_1_103' title='bbox 533 1668 655 1723; x_wconf 81' lang='lat' dir='ltr'><strong>veteres</strong></span> <span class='ocrx_word' id='word_1_104' title='bbox 670 1661 732 1723; x_wconf 88' lang='lat' dir='ltr'><strong>illis</strong></span> <span class='ocrx_word' id='word_1_105' title='bbox 750 1663 890 1722; x_wconf 87' lang='lat' dir='ltr'><strong>elausere</strong></span> <span class='ocrx_word' id='word_1_106' title='bbox 903 1661 1024 1736; x_wconf 89' lang='lat' dir='ltr'><strong>diebus,</strong></span> 
     </span>
     <span class='ocr_line' id='line_1_18' title="bbox 359 1745 986 1822; baseline -0.008 -14"><span class='ocrx_word' id='word_1_107' title='bbox 359 1747 401 1808; x_wconf 86' lang='lat' dir='ltr'><strong>Ut</strong></span> <span class='ocrx_word' id='word_1_108' title='bbox 413 1762 495 1808; x_wconf 88' lang='lat' dir='ltr'><strong>nuno</strong></span> <span class='ocrx_word' id='word_1_109' title='bbox 510 1746 596 1808; x_wconf 86' lang='lat' dir='ltr'><strong>ierali</strong></span> <span class='ocrx_word' id='word_1_110' title='bbox 611 1753 750 1822; x_wconf 89' lang='lat' dir='ltr'><strong>tempore</strong></span> <span class='ocrx_word' id='word_1_111' title='bbox 764 1751 872 1822; x_wconf 86' lang='lat' dir='ltr'><strong>operta</strong></span> <span class='ocrx_word' id='word_1_112' title='bbox 886 1745 986 1807; x_wconf 90' lang='lat' dir='ltr'><strong>vides.</strong></span> 
     </span>
     <span class='ocr_line' id='line_1_19' title="bbox 318 1828 1235 1946; baseline 0.002 -57"><span class='ocrx_word' id='word_1_113' title='bbox 318 1828 1046 1907; x_wconf 83' lang='lat' dir='ltr'><strong>Neoviduaetaediseademneevirginisepta</strong></span> <span class='ocrx_word' id='word_1_114' title='bbox 1234 1871 1235 1946; x_wconf 33' lang='grc'><strong>1</strong></span> 
     </span>
     <span class='ocr_line' id='line_1_20' title="bbox 360 1913 1080 1991; baseline 0 -17"><span class='ocrx_word' id='word_1_115' title='bbox 360 1914 519 1990; x_wconf 85' lang='lat' dir='ltr'><strong>Tempora.</strong></span> <span class='ocrx_word' id='word_1_116' title='bbox 549 1928 630 1990; x_wconf 81' lang='lat' dir='ltr'><strong>quae</strong></span> <span class='ocrx_word' id='word_1_117' title='bbox 643 1915 763 1991; x_wconf 88' lang='lat' dir='ltr'><strong>nupsit,</strong></span> <span class='ocrx_word' id='word_1_118' title='bbox 777 1929 840 1975; x_wconf 89' lang='lat' dir='ltr'><strong>non</strong></span> <span class='ocrx_word' id='word_1_119' title='bbox 855 1913 999 1978; x_wconf 87' lang='lat' dir='ltr'><strong>diuturna</strong></span> <span class='ocrx_word' id='word_1_120' title='bbox 1013 1915 1080 1976; x_wconf 88' lang='lat' dir='ltr'><strong>luit.</strong></span> 
     </span>
     <span class='ocr_line' id='line_1_21' title="bbox 318 1997 1234 2088; baseline -0.002 -28"><span class='ocrx_word' id='word_1_121' title='bbox 318 1999 383 2060; x_wconf 87' lang='lat' dir='ltr'><strong>Hae</strong></span> <span class='ocrx_word' id='word_1_122' title='bbox 400 2015 524 2076; x_wconf 89' lang='lat' dir='ltr'><strong>quoque</strong></span> <span class='ocrx_word' id='word_1_123' title='bbox 538 1999 578 2060; x_wconf 92' lang='lat' dir='ltr'><strong>de</strong></span> <span class='ocrx_word' id='word_1_124' title='bbox 593 2012 703 2074; x_wconf 81' lang='lat' dir='ltr'><strong>eausa,</strong></span> <span class='ocrx_word' id='word_1_125' title='bbox 724 2000 752 2061; x_wconf 88' lang='lat' dir='ltr'><strong>si</strong></span> <span class='ocrx_word' id='word_1_126' title='bbox 765 2005 796 2059; x_wconf 89' lang='lat' dir='ltr'><strong>te</strong></span> <span class='ocrx_word' id='word_1_127' title='bbox 812 1998 976 2075; x_wconf 87' lang='lat' dir='ltr'><strong>proverbia</strong></span> <span class='ocrx_word' id='word_1_128' title='bbox 989 2005 1130 2076; x_wconf 86' lang='lat' dir='ltr'><strong>tangunt,</strong></span> <span class='ocrx_word' id='word_1_129' title='bbox 1233 1997 1234 2088; x_wconf 69' lang='lat' dir='ltr'><strong>l</strong></span> 
     </span>
     <span class='ocr_line' id='line_1_22' title="bbox 255 2081 1233 2164; baseline -0.005 -18"><span class='ocrx_word' id='word_1_130' title='bbox 255 2090 309 2146; x_wconf 83' lang='grc'><strong>490</strong></span> <span class='ocrx_word' id='word_1_131' title='bbox 362 2081 470 2144; x_wconf 89' lang='lat' dir='ltr'><strong>Mense</strong></span> <span class='ocrx_word' id='word_1_132' title='bbox 484 2085 581 2144; x_wconf 87' lang='lat' dir='ltr'><strong>malas</strong></span> <span class='ocrx_word' id='word_1_133' title='bbox 595 2081 677 2144; x_wconf 86' lang='lat' dir='ltr'><strong>Maio</strong></span> <span class='ocrx_word' id='word_1_134' title='bbox 692 2083 808 2145; x_wconf 89' lang='lat' dir='ltr'><strong>nubere</strong></span> <span class='ocrx_word' id='word_1_135' title='bbox 820 2083 932 2160; x_wconf 84' lang='lat' dir='ltr'><strong>volgus</strong></span> <span class='ocrx_word' id='word_1_136' title='bbox 947 2081 999 2144; x_wconf 89' lang='lat' dir='ltr'><strong>ait.</strong></span> <span class='ocrx_word' id='word_1_137' title='bbox 1232 2151 1233 2164; x_wconf 13' lang='grc' dir='ltr'>ἒ</span> 
     </span>
     <span class='ocr_line' id='line_1_23' title="bbox 321 2165 1233 2244; baseline 0.007 -18"><span class='ocrx_word' id='word_1_138' title='bbox 321 2165 385 2226; x_wconf 91' lang='lat' dir='ltr'><strong>Sed</strong></span> <span class='ocrx_word' id='word_1_139' title='bbox 399 2172 501 2226; x_wconf 90' lang='lat' dir='ltr'><strong>tamen</strong></span> <span class='ocrx_word' id='word_1_140' title='bbox 519 2165 596 2226; x_wconf 86' lang='lat' dir='ltr'><strong>haee</strong></span> <span class='ocrx_word' id='word_1_141' title='bbox 610 2167 669 2226; x_wconf 85' lang='lat' dir='ltr'><strong>tria</strong></span> <span class='ocrx_word' id='word_1_142' title='bbox 686 2173 758 2229; x_wconf 90' lang='lat' dir='ltr'><strong>sunt</strong></span> <span class='ocrx_word' id='word_1_143' title='bbox 772 2166 830 2228; x_wconf 92' lang='lat' dir='ltr'><strong>sub</strong></span> <span class='ocrx_word' id='word_1_144' title='bbox 850 2167 963 2230; x_wconf 90' lang='lat' dir='ltr'><strong>eodem</strong></span> <span class='ocrx_word' id='word_1_145' title='bbox 977 2174 1121 2244; x_wconf 90' lang='lat' dir='ltr'><strong>tempore</strong></span> <span class='ocrx_word' id='word_1_146' title='bbox 1137 2168 1211 2229; x_wconf 85' lang='lat' dir='ltr'><strong>iesta</strong></span> <span class='ocrx_word' id='word_1_147' title='bbox 1232 2167 1233 2232; x_wconf 86' lang='lat' dir='ltr'><strong>l</strong></span> 
     </span>
     <span class='ocr_line' id='line_1_24' title="bbox 360 2249 1232 2376; baseline 0.006 -67"><span class='ocrx_word' id='word_1_148' title='bbox 360 2250 440 2310; x_wconf 89' lang='lat' dir='ltr'><strong>luter</strong></span> <span class='ocrx_word' id='word_1_149' title='bbox 459 2265 495 2311; x_wconf 90' lang='lat' dir='ltr'><strong>se</strong></span> <span class='ocrx_word' id='word_1_150' title='bbox 509 2249 593 2311; x_wconf 84' lang='lat' dir='ltr'><strong>nulle</strong></span> <span class='ocrx_word' id='word_1_151' title='bbox 608 2251 785 2314; x_wconf 79' lang='lat' dir='ltr'><strong>continuam</strong></span> <span class='ocrx_word' id='word_1_152' title='bbox 798 2251 858 2312; x_wconf 88' lang='lat' dir='ltr'><strong>die.</strong></span> <span class='ocrx_word' id='word_1_153' title='bbox 1231 2311 1232 2376; x_wconf 31' lang='grc'><strong>1</strong></span> 
     </span>
    </p>
   </div>
   <div class='ocr_carea' id='block_1_3' title="bbox 526 2449 1231 2520">
    <p class='ocr_par' dir='ltr' id='par_1_3' title="bbox 526 2449 1231 2520">
     <span class='ocr_line' id='line_1_25' title="bbox 526 2449 1231 2520; baseline 0.011 -8"><span class='ocrx_word' id='word_1_154' title='bbox 526 2449 577 2513; x_wconf 87' lang='lat'><strong>10.</strong></span> <span class='ocrx_word' id='word_1_155' title='bbox 598 2450 654 2512; x_wconf 82' lang='lat' dir='ltr'><strong>Bc</strong></span> <span class='ocrx_word' id='word_1_156' title='bbox 698 2450 749 2514; x_wconf 89' lang='lat'><strong>11.</strong></span> <span class='ocrx_word' id='word_1_157' title='bbox 772 2452 961 2516; x_wconf 71' lang='lat' dir='ltr'><strong>ciunt-rt</strong></span> <span class='ocrx_word' id='word_1_158' title='bbox 1230 2449 1231 2520; x_wconf 80' lang='grc'><strong>1</strong></span> 
     </span>
    </p>
   </div>
   <div class='ocr_carea' id='block_1_4' title="bbox 254 2583 1230 3591">
    <p class='ocr_par' dir='ltr' id='par_1_4' title="bbox 254 2583 1230 3591">
     <span class='ocr_line' id='line_1_26' title="bbox 320 2583 1230 2668; baseline 0.005 -20"><span class='ocrx_word' id='word_1_159' title='bbox 320 2585 453 2661; x_wconf 81' lang='lat' dir='ltr'><strong>Quorum</strong></span> <span class='ocrx_word' id='word_1_160' title='bbox 469 2586 496 2646; x_wconf 92' lang='lat' dir='ltr'><strong>si</strong></span> <span class='ocrx_word' id='word_1_161' title='bbox 512 2585 622 2648; x_wconf 90' lang='lat' dir='ltr'><strong>mediis</strong></span> <span class='ocrx_word' id='word_1_162' title='bbox 638 2587 789 2652; x_wconf 90' lang='lat' dir='ltr'><strong>Boeotum</strong></span> <span class='ocrx_word' id='word_1_163' title='bbox 806 2587 922 2651; x_wconf 85' lang='lat' dir='ltr'><strong>Oriona</strong></span> <span class='ocrx_word' id='word_1_164' title='bbox 935 2606 1081 2668; x_wconf 84' lang='lat' dir='ltr'><strong>quaeres,</strong></span> <span class='ocrx_word' id='word_1_165' title='bbox 1229 2583 1230 2664; x_wconf 78' lang='grc'><strong>4</strong></span> 
     </span>
     <span class='ocr_line' id='line_1_27' title="bbox 359 2667 1036 2746; baseline 0.007 -17"><span class='ocrx_word' id='word_1_166' title='bbox 359 2669 468 2730; x_wconf 85' lang='lat' dir='ltr'><strong>Falsus</strong></span> <span class='ocrx_word' id='word_1_167' title='bbox 483 2670 554 2729; x_wconf 90' lang='lat' dir='ltr'><strong>oris.</strong></span> <span class='ocrx_word' id='word_1_168' title='bbox 585 2668 670 2746; x_wconf 85' lang='lat' dir='ltr'><strong>Signi</strong></span> <span class='ocrx_word' id='word_1_169' title='bbox 685 2667 782 2734; x_wconf 81' lang='lat' dir='ltr'><strong>eausa</strong></span> <span class='ocrx_word' id='word_1_170' title='bbox 796 2674 936 2736; x_wconf 81' lang='lat' dir='ltr'><strong>canenda</strong></span> <span class='ocrx_word' id='word_1_171' title='bbox 951 2674 1036 2735; x_wconf 77' lang='lat' dir='ltr'><strong>milri.</strong></span> 
     </span>
     <span class='ocr_line' id='line_1_28' title="bbox 254 2753 1077 2832; baseline 0.005 -18"><span class='ocrx_word' id='word_1_172' title='bbox 254 2761 305 2816; x_wconf 80' lang='grc'><strong>4445</strong></span> <span class='ocrx_word' id='word_1_173' title='bbox 320 2753 456 2829; x_wconf 90' lang='lat' dir='ltr'><strong>luppiter</strong></span> <span class='ocrx_word' id='word_1_174' title='bbox 469 2759 500 2812; x_wconf 91' lang='lat' dir='ltr'><strong>et</strong></span> <span class='ocrx_word' id='word_1_175' title='bbox 517 2753 579 2813; x_wconf 82' lang='lat' dir='ltr'><strong>luto</strong></span> <span class='ocrx_word' id='word_1_176' title='bbox 596 2756 648 2830; x_wconf 92' lang='lat' dir='ltr'><strong>qui</strong></span> <span class='ocrx_word' id='word_1_177' title='bbox 662 2766 770 2831; x_wconf 88' lang='lat' dir='ltr'><strong>regnat</strong></span> <span class='ocrx_word' id='word_1_178' title='bbox 783 2757 814 2817; x_wconf 89' lang='lat' dir='ltr'><strong>in</strong></span> <span class='ocrx_word' id='word_1_179' title='bbox 829 2772 966 2832; x_wconf 86' lang='lat' dir='ltr'><strong>aequore</strong></span> <span class='ocrx_word' id='word_1_180' title='bbox 979 2758 1077 2821; x_wconf 84' lang='lat' dir='ltr'><strong>irater</strong></span> 
     </span>
     <span class='ocr_line' id='line_1_29' title="bbox 360 2835 992 2918; baseline 0.006 -21"><span class='ocrx_word' id='word_1_181' title='bbox 360 2835 532 2913; x_wconf 85' lang='lat' dir='ltr'><strong>Carpebant</strong></span> <span class='ocrx_word' id='word_1_182' title='bbox 545 2838 649 2900; x_wconf 83' lang='lat' dir='ltr'><strong>socias</strong></span> <span class='ocrx_word' id='word_1_183' title='bbox 664 2839 898 2918; x_wconf 77' lang='lat' dir='ltr'><strong>Mercuriusque</strong></span> <span class='ocrx_word' id='word_1_184' title='bbox 914 2842 992 2904; x_wconf 84' lang='lat' dir='ltr'><strong>vias.</strong></span> 
     </span>
     <span class='ocr_line' id='line_1_30' title="bbox 317 2920 1141 3001; baseline 0.013 -23"><span class='ocrx_word' id='word_1_185' title='bbox 317 2920 452 2998; x_wconf 87' lang='lat' dir='ltr'><strong>Tempus</strong></span> <span class='ocrx_word' id='word_1_186' title='bbox 467 2928 546 2998; x_wconf 88' lang='lat' dir='ltr'><strong>erat,</strong></span> <span class='ocrx_word' id='word_1_187' title='bbox 566 2938 627 2998; x_wconf 91' lang='lat' dir='ltr'><strong>quo</strong></span> <span class='ocrx_word' id='word_1_188' title='bbox 644 2922 737 2985; x_wconf 83' lang='lat' dir='ltr'><strong>versa</strong></span> <span class='ocrx_word' id='word_1_189' title='bbox 751 2925 822 3001; x_wconf 90' lang='lat' dir='ltr'><strong>iugo</strong></span> <span class='ocrx_word' id='word_1_190' title='bbox 837 2925 1010 2988; x_wconf 85' lang='lat' dir='ltr'><strong>reseruntur</strong></span> <span class='ocrx_word' id='word_1_191' title='bbox 1025 2932 1141 3001; x_wconf 84' lang='lat' dir='ltr'><strong>aratra,</strong></span> 
     </span>
     <span class='ocr_line' id='line_1_31' title="bbox 359 3004 1031 3086; baseline 0.006 -20"><span class='ocrx_word' id='word_1_192' title='bbox 359 3004 399 3068; x_wconf 86' lang='lat' dir='ltr'><strong>Et</strong></span> <span class='ocrx_word' id='word_1_193' title='bbox 412 3022 528 3083; x_wconf 93' lang='lat' dir='ltr'><strong>pronus</strong></span> <span class='ocrx_word' id='word_1_194' title='bbox 545 3015 668 3068; x_wconf 87' lang='lat' dir='ltr'><strong>saturae</strong></span> <span class='ocrx_word' id='word_1_195' title='bbox 683 3009 732 3072; x_wconf 86' lang='lat' dir='ltr'><strong>lae</strong></span> <span class='ocrx_word' id='word_1_196' title='bbox 748 3009 823 3071; x_wconf 90' lang='lat' dir='ltr'><strong>bibit</strong></span> <span class='ocrx_word' id='word_1_197' title='bbox 838 3025 936 3086; x_wconf 88' lang='lat' dir='ltr'><strong>agnus</strong></span> <span class='ocrx_word' id='word_1_198' title='bbox 951 3009 1031 3072; x_wconf 89' lang='lat' dir='ltr'><strong>ovis.</strong></span> 
     </span>
     <span class='ocr_line' id='line_1_32' title="bbox 318 3088 1049 3171; baseline 0.011 -23"><span class='ocrx_word' id='word_1_199' title='bbox 318 3088 409 3152; x_wconf 82' lang='lat' dir='ltr'><strong>Forte</strong></span> <span class='ocrx_word' id='word_1_200' title='bbox 423 3105 521 3152; x_wconf 84' lang='lat' dir='ltr'><strong>senex</strong></span> <span class='ocrx_word' id='word_1_201' title='bbox 533 3089 684 3171; x_wconf 81' lang='lat' dir='ltr'><strong>Hyrieus,</strong></span> <span class='ocrx_word' id='word_1_202' title='bbox 700 3093 820 3170; x_wconf 81' lang='lat' dir='ltr'><strong>angusti</strong></span> <span class='ocrx_word' id='word_1_203' title='bbox 836 3095 934 3156; x_wconf 86' lang='lat' dir='ltr'><strong>cultor</strong></span> <span class='ocrx_word' id='word_1_204' title='bbox 949 3094 1049 3171; x_wconf 83' lang='lat' dir='ltr'><strong>agelli,</strong></span> 
     </span>
     <span class='ocr_line' id='line_1_33' title="bbox 255 3173 1090 3252; baseline 0.005 -19"><span class='ocrx_word' id='word_1_205' title='bbox 255 3189 307 3241; x_wconf 83' lang='lat'><strong>500</strong></span> <span class='ocrx_word' id='word_1_206' title='bbox 362 3173 428 3236; x_wconf 86' lang='lat' dir='ltr'><strong>llos</strong></span> <span class='ocrx_word' id='word_1_207' title='bbox 442 3176 542 3251; x_wconf 90' lang='lat' dir='ltr'><strong>videt,</strong></span> <span class='ocrx_word' id='word_1_208' title='bbox 558 3179 701 3252; x_wconf 85' lang='lat' dir='ltr'><strong>exiguam</strong></span> <span class='ocrx_word' id='word_1_209' title='bbox 715 3177 816 3240; x_wconf 82' lang='lat' dir='ltr'><strong>stabat</strong></span> <span class='ocrx_word' id='word_1_210' title='bbox 833 3185 951 3240; x_wconf 82' lang='lat' dir='ltr'><strong>utente</strong></span> <span class='ocrx_word' id='word_1_211' title='bbox 971 3194 1090 3240; x_wconf 83' lang='lat' dir='ltr'><strong>oasam.</strong></span> 
     </span>
     <span class='ocr_line' id='line_1_34' title="bbox 317 3258 1180 3340; baseline 0.001 -19"><span class='ocrx_word' id='word_1_212' title='bbox 317 3262 419 3334; x_wconf 82' lang='lat' dir='ltr'><strong>Atque</strong></span> <span class='ocrx_word' id='word_1_213' title='bbox 430 3258 472 3320; x_wconf 84' lang='lat' dir='ltr'><strong>ite</strong></span> <span class='ocrx_word' id='word_1_214' title='bbox 483 3259 603 3335; x_wconf 70' lang='lat' dir='ltr'><strong>‘Longa</strong></span> <span class='ocrx_word' id='word_1_215' title='bbox 614 3261 665 3322; x_wconf 88' lang='lat' dir='ltr'><strong>via</strong></span> <span class='ocrx_word' id='word_1_216' title='bbox 676 3268 732 3338; x_wconf 86' lang='lat' dir='ltr'><strong>est,</strong></span> <span class='ocrx_word' id='word_1_217' title='bbox 743 3277 802 3324; x_wconf 90' lang='lat' dir='ltr'><strong>nee</strong></span> <span class='ocrx_word' id='word_1_218' title='bbox 812 3269 951 3339; x_wconf 87' lang='lat' dir='ltr'><strong>tempora</strong></span> <span class='ocrx_word' id='word_1_219' title='bbox 963 3265 1180 3340; x_wconf 86' lang='lat' dir='ltr'><strong>longasupers</strong></span> 
     </span>
     <span class='ocr_line' id='line_1_35' title="bbox 358 3341 1040 3424; baseline 0.01 -23"><span class='ocrx_word' id='word_1_220' title='bbox 358 3341 443 3402; x_wconf 87' lang='lat' dir='ltr'><strong>Dixit</strong></span> <span class='ocrx_word' id='word_1_221' title='bbox 456 3345 499 3401; x_wconf 69' lang='lat' dir='ltr'><strong>‘et</strong></span> <span class='ocrx_word' id='word_1_222' title='bbox 512 3343 796 3418; x_wconf 83' lang='lat' dir='ltr'><strong>hospitibus-ianua</strong></span> <span class='ocrx_word' id='word_1_223' title='bbox 809 3352 915 3408; x_wconf 88' lang='lat' dir='ltr'><strong>nostra</strong></span> <span class='ocrx_word' id='word_1_224' title='bbox 930 3351 1040 3424; x_wconf 68' lang='lat' dir='ltr'><strong>patet?</strong></span> 
     </span>
     <span class='ocr_line' id='line_1_36' title="bbox 317 3424 1096 3506; baseline 0.013 -21"><span class='ocrx_word' id='word_1_225' title='bbox 317 3424 446 3485; x_wconf 85' lang='lat' dir='ltr'><strong>Addidit</strong></span> <span class='ocrx_word' id='word_1_226' title='bbox 460 3431 489 3484; x_wconf 88' lang='lat' dir='ltr'><strong>et</strong></span> <span class='ocrx_word' id='word_1_227' title='bbox 503 3426 618 3488; x_wconf 91' lang='lat' dir='ltr'><strong>voltum</strong></span> <span class='ocrx_word' id='word_1_228' title='bbox 632 3429 753 3503; x_wconf 91' lang='lat' dir='ltr'><strong>verbis,</strong></span> <span class='ocrx_word' id='word_1_229' title='bbox 769 3430 940 3506; x_wconf 89' lang='lat' dir='ltr'><strong>iterumque</strong></span> <span class='ocrx_word' id='word_1_230' title='bbox 960 3429 1096 3506; x_wconf 78' lang='lat' dir='ltr'><strong>rogavit</strong></span> 
     </span>
     <span class='ocr_line' id='line_1_37' title="bbox 359 3506 1041 3591; baseline 0.012 -26"><span class='ocrx_word' id='word_1_231' title='bbox 359 3506 468 3569; x_wconf 83' lang='lat' dir='ltr'><strong>Parent</strong></span> <span class='ocrx_word' id='word_1_232' title='bbox 487 3511 665 3587; x_wconf 90' lang='lat' dir='ltr'><strong>promissis,</strong></span> <span class='ocrx_word' id='word_1_233' title='bbox 681 3513 937 3591; x_wconf 87' lang='lat' dir='ltr'><strong>dissimulantque</strong></span> <span class='ocrx_word' id='word_1_234' title='bbox 952 3515 1041 3576; x_wconf 90' lang='lat' dir='ltr'><strong>deos.</strong></span> 
     </span>
    </p>
   </div>
   <div class='ocr_carea' id='block_1_5' title="bbox 0 0 1250 3926">
    <p class='ocr_par' dir='ltr' id='par_1_5' title="bbox 0 0 1250 3926">
     <span class='ocr_line' id='line_1_38' title="bbox 0 0 1250 3926; baseline 0 7"><span class='ocrx_word' id='word_1_235' title='bbox 0 0 1250 3926; x_wconf 95' lang='lat' dir='ltr'><strong> </strong></span> 
     </span>
    </p>
   </div>
  </div>
 </body>
</html>
