2492 3926
122 236 185 302 334
501 231 756 293 insanitum

206 384 361 452 Servierat
376 386 515 462 quidam,
531 383 719 460 quantolibet
737 385 844 446 ordine
858 385 979 461 dignus,

142 482 194 538 dia
248 472 368 532 Tibure.
398 470 456 530 scd
471 471 564 544 longo
579 476 718 544 tempore
733 467 898 530 liberarat.

204 557 287 618 Rure
302 555 400 630 dapes
414 562 504 630 parat
517 553 567 613 ille
582 569 655 626 suo,
672 553 853 630 turbamque
868 569 1013 614 canoram

247 640 412 701 Convocat.
441 638 482 698 ad
498 638 592 698 testas
607 636 751 698 convenit
764 638 817 697 illa
833 637 941 714 dapes.

203 725 272 785 Nox
290 729 369 797 erat,
390 729 421 782 et
442 722 521 782 vinis
537 720 680 796 oculique
694 721 849 796 animique
863 721 1017 797 natabant,

248 807 321 868 Cum
337 805 584 881 praecomposito
599 806 721 866 nuntius
737 821 791 866 ore
805 806 896 878 venit,

140 895 192 952 675
205 895 308 965 Atque
327 891 383 964 ita,
407 889 512 963 “Quid
528 905 635 951 cessas
651 888 794 950 convivia
809 890 977 950 solveret”
994 889 1089 950 dixit:

247 976 390 1036 “Auctor
404 974 558 1033 vindictae
572 974 634 1033 iam
649 973 732 1032 venit
747 988 820 1034 ecce
834 977 942 1034 tuae.”

203 1059 266 1119 Nec
279 1074 380 1133 mora,
397 1057 546 1119 convivae
562 1058 663 1118 valido
680 1057 838 1118 titubantia
852 1055 923 1117 vino
1033 1091 1037 1094 -

245 1141 382 1202 Membra
397 1149 531 1204 movent.
561 1141 644 1202 dubii
660 1147 804 1216 stantque
818 1141 984 1218 labantque
999 1141 1100 1218 pedes

203 1226 245 1285 nt
259 1213 400 1286 domin'us
416 1225 639 1286 “Discedam’'
654 1225 705 1301 ait,
721 1226 923 1302 plaustroque
937 1233 1096 1287 morantes

140 1320 192 1376 sao
249 1308 385 1369 Sustulit.
413 1310 443 1368 in
461 1311 599 1384 plaustro
615 1310 737 1387 scirpea
751 1312 812 1370 lata
827 1311 893 1371 luit.

202 1393 348 1453 alliciunt
362 1409 489 1454 somnos
503 1402 640 1470 tempus,
657 1401 836 1470 motusque,
851 1409 1040 1470 merumque,

244 1476 934 1554 mmmmfflmss

204 1563 329 1637 Iamque
343 1579 398 1638 per
411 1562 566 1637 Esquilias
580 1564 749 1624 Romanam
765 1563 930 1624 intraverat
943 1562 1060 1634 urbem,

246 1646 284 1707 Et
298 1663 386 1706 mane
401 1647 431 1706 in
446 1647 547 1707 medio
563 1647 699 1722 plaustra
715 1647 800 1708 luere
815 1649 894 1709 loro.

139 1736 191 1792 685
204 1729 357 1822 Plamius,
378 1738 411 1791 ut
428 1738 538 1806 posset
552 1732 657 1807 specie
672 1747 863 1808 numeroque
878 1739 1017 1794 senatum

245 1813 377 1890 Fallere,
394 1817 536 1890 personis
553 1816 682 1890 imperat
697 1830 752 1876 ora
766 1817 837 1892 tegi,

203 1898 422 1974 admiscetque
438 1899 530 1973 alios,
547 1907 591 1974 et,
608 1907 641 1961 ut
653 1899 735 1960 huno
749 1899 875 1961 tibicina
889 1906 1006 1962 coetum

245 1983 379 2058 Augeat,
395 1983 423 2042 in
440 1984 540 2060 longis
555 1983 694 2054 vestibus
710 1999 781 2045 esse
796 1984 895 2046 lubet:
908 2041 912 2048 .

203 2065 255 2127 Sic
269 2068 400 2127 reduces
415 2068 495 2129 bene
510 2084 605 2145 posse
620 2069 694 2144 tegi,
710 2085 750 2129 ne
764 2069 842 2130 forte
856 2075 997 2130 notentur

139 2162 191 2220 690
249 2150 361 2211 Contra
380 2151 517 2226 collegae
532 2152 618 2213 iussa
632 2153 754 2213 redisse
770 2153 828 2214 sui.

203 2235 266 2295 Res
281 2235 404 2310 placuit.
433 2236 577 2310 cultuque
592 2253 674 2297 novo
690 2236 763 2298 libet
775 2237 881 2298 Idibus
901 2236 951 2311 uti,

244 2317 282 2378 Et
297 2334 407 2380 canere
424 2320 464 2380 ad
480 2325 600 2380 veteres
616 2320 711 2381 verba
724 2321 834 2382 iocosa
847 2321 980 2382 modos?

202 2402 286 2463 llaec
300 2397 352 2464 irbi
367 2404 543 2480 perdocuit,
560 2404 720 2482 ‘Superest
733 2405 807 2466 mihi
822 2405 955 2467 discere’
972 2403 1039 2465 dixi

245 2487 318 2548 ‘Cur
331 2489 371 2548 sit
385 2488 589 2564 Quinquatrus
605 2490 656 2550 illa
669 2496 780 2550 vocata
795 2489 885 2550 dies?
956 2533 961 2540 -

136 2577 187 2634 695
203 2570 353 2634 ‘Martius’
368 2571 467 2647 inquit
480 2575 556 2649 ‘agit
566 2575 618 2634 tali
632 2589 701 2634 mea
715 2574 838 2634 nominc
853 2575 940 2648 iestu,

187 2661 189 2664 ’
242 2655 360 2730 Estque
375 2657 431 2717 sub
447 2657 579 2719 inventis
594 2659 671 2718 haec
687 2675 812 2734 quoque
826 2658 914 2718 turba
928 2658 1016 2718 meis.

200 2738 300 2800 Prima
314 2739 466 2800 terebrato
481 2757 537 2816 per
550 2758 620 2802 rara
637 2743 786 2807 foramina
799 2743 893 2816 buxo,

242 2824 283 2884 Ut
297 2823 398 2900 daret,
414 2825 517 2899 effeci,
534 2826 607 2886 tibia
621 2829 714 2902 longa
728 2845 836 2889 sonos.

201 2909 273 2968 Vox
287 2909 409 2983 placuit.
440 2911 549 2972 laciem
564 2911 688 2987 liquidis
702 2912 904 2973 referentibus
919 2910 1012 2972 undis

135 3005 188 3060 too
243 2991 317 3052 vidi
332 2992 484 3070 virgineas
499 2997 679 3057 intumuisse
694 3011 800 3072 genas.

202 3078 288 3137 “Ars
304 3077 376 3137 mihi
392 3095 453 3140 non
468 3081 541 3141 tanti
560 3087 617 3142 est.
646 3082 768 3160 valeas,
784 3095 852 3140 mea
866 3079 980 3140 libia!'’
996 3078 1080 3139 dixi.

243 3161 365 3238 Excipit
380 3162 529 3226 abiectam
545 3165 681 3242 caespite
695 3165 763 3240 ripa
782 3181 850 3226 suo.

201 3245 358 3308 Inventam
373 3246 503 3326 Satyrus
521 3249 650 3324 primum
665 3249 803 3324 miratur,
820 3254 850 3308 et
863 3263 951 3307 usum

242 3327 361 3405 Nescit,
376 3337 407 3390 et
421 3330 556 3392 inflatam
571 3333 669 3394 sensit
682 3332 797 3394 habere
813 3347 937 3392 sonum=

137 3418 187 3472 705
201 3409 238 3470 Et
252 3411 345 3472 modo
361 3413 481 3474 dimittit
496 3414 607 3490 digitis,
622 3416 715 3476 modo
732 3415 866 3490 concipit
881 3431 987 3474 auras:

243 3493 370 3568 lamque
384 3497 462 3558 inter
476 3497 630 3576 nymphas
647 3507 711 3559 arte
729 3498 883 3573 superbus
899 3506 973 3558 erat.
