2450 3932
183 222 227 290 34
582 220 810 284 TRISTIUM

312 376 395 451 Quae
411 377 524 438 darnno
543 375 618 435 nulli
632 372 849 447 composuisse
869 370 933 434 luit.

269 460 324 520 llis
339 475 397 535 ego
412 460 562 535 deceptus
582 475 644 520 non
659 455 755 518 tristia
772 455 908 516 carmina
920 455 996 516 leals
1048 513 1050 520 ,

312 543 375 604 Sed
391 544 488 606 tristis
508 551 632 605 nostros
649 556 750 618 poena
765 548 872 602 secuta
886 540 982 602 iocos.

203 627 409 703 mollemque
427 642 486 688 nec
500 628 592 688 video
612 627 652 686 de
667 632 713 686 tot
732 624 936 686 scribentibus
952 638 1055 697 unum,

313 710 408 785 Quem
419 729 477 772 sua
496 710 664 787 perdiderit
677 710 776 770 Musa.
811 714 952 784 repertus
972 722 1041 782 ego.

271 794 365 869 Quid,
385 795 412 856 si
429 795 628 870 scripsissem
646 793 756 855 mimos
772 792 910 854 obscena
927 791 1075 864 iocantes,

314 878 370 953 Qui
385 893 508 952 semper
521 878 584 938 ficti
601 877 714 938 crimen
734 876 849 937 amoris
864 875 997 937 habent?

270 964 305 1022 ln
325 959 438 1037 quibus
453 960 582 1022 assidue
598 963 698 1022 cultus
715 961 854 1036 procedit
874 961 1000 1030 adulter,

206 1047 257 1100 000
312 1047 479 1120 Verbaque
499 1046 553 1106 dat
567 1048 659 1106 stulto
677 1045 789 1106 callida
807 1050 903 1118 nupta
918 1043 993 1104 viro.

270 1128 389 1190 Nubilis
408 1128 468 1189 hos
487 1129 576 1204 virgo
596 1137 799 1202 matronaque
818 1128 926 1202 virque
939 1142 1081 1202 puerque

315 1212 455 1287 Spectat,
473 1220 558 1273 etex
577 1231 689 1289 magna
704 1219 791 1288 parte
806 1219 933 1272 senatus
948 1211 1047 1272 adest.

271 1296 334 1356 Nec
350 1295 427 1357 satis
442 1296 569 1358 incestis
586 1299 725 1359 temerari
741 1294 872 1358 vocibus
886 1309 993 1356 aures:

292 1383 489 1441 Assuescunt
504 1383 584 1442 oculi
598 1383 693 1442 multa
708 1380 854 1456 pudenda
870 1379 949 1454 pati:

207 1469 256 1522 505
273 1465 409 1538 Cumque
425 1464 531 1527 lelellit
544 1482 652 1527 amans
671 1465 775 1539 aliqua
791 1465 926 1524 novitate
941 1462 1093 1536 maritum,

310 1547 467 1608 Plauditur
483 1556 513 1609 et
530 1565 641 1624 magno
657 1551 759 1625 palma
774 1549 879 1608 lavore
899 1547 995 1607 datur.

272 1632 424 1707 Quodque
440 1632 541 1694 minus
557 1633 699 1709 prodest,
715 1633 818 1707 palma
831 1639 888 1692 est.
912 1632 1037 1692 lucrosa
1054 1642 1179 1710 poetae,

311 1719 469 1791 Tantaque
484 1733 545 1778 non
562 1734 659 1792 parvo
675 1716 802 1779 crimina
817 1723 942 1791 praetor
957 1716 1037 1776 emit.

272 1800 395 1877 Inspice
410 1801 551 1862 ludorum
567 1809 723 1878 sumptus,
739 1802 896 1876 Auguste,
913 1805 1050 1859 tuornm=

207 1893 258 1946 010
311 1885 422 1960 Empta
436 1885 489 1945 tibi
505 1901 616 1960 magno
633 1886 704 1946 talia
718 1884 812 1946 multa
825 1885 922 1959 leges.

271 1969 356 2029 Haec
369 1976 403 2029 tu
420 1970 568 2043 spectasti
585 1970 817 2046 spectandaque
833 1983 928 2043 saepe
943 1967 1089 2028 dedisti...

311 2051 460 2112 Maiestas
481 2052 560 2113 adeo
575 2055 673 2114 comis
687 2053 803 2128 ubique
817 2059 869 2114 tua
883 2059 962 2113 est...

271 2134 515 2210 Luminibusque
531 2137 606 2212 laic,
627 2145 711 2199 totus
731 2136 845 2212 quibus
864 2137 976 2197 utimur
993 2135 1089 2208 orbis,

312 2217 443 2279 scenica
459 2219 562 2282 vidisti
581 2222 681 2282 lentus
697 2221 855 2283 adulteria.

206 2309 258 2361 515
274 2302 415 2363 Scribere
431 2302 458 2364 sl
473 2305 522 2366 las
537 2313 585 2366 est
603 2306 756 2367 imitantes
772 2305 873 2380 turpia
891 2304 1011 2375 mimos,

312 2385 456 2448 Materiae
476 2388 575 2450 minor
588 2396 637 2451 est
655 2389 759 2451 debita
773 2404 875 2464 poena
888 2403 985 2448 meae.

271 2474 320 2530 An
334 2486 434 2546 genus
454 2471 514 2533 boc
526 2474 632 2549 scripti
653 2474 768 2536 iaciunt
786 2489 844 2534 sua
858 2473 976 2548 pulpita
995 2478 1105 2548 tutum,

312 2554 463 2630 Quodque
476 2557 562 2630 lieet,
578 2558 679 2620 mimis
695 2573 791 2620 scena
804 2558 898 2618 licere
912 2555 1018 2617 dedit'l

271 2638 310 2697 Et
324 2654 394 2698 mea
409 2645 481 2698 sunt
501 2642 617 2715 populo
633 2643 745 2701 saltata
760 2649 905 2717 poemata
919 2655 1025 2714 saepe,

207 2726 259 2777 520
315 2720 418 2795 Saepe
433 2723 542 2783 oculos
559 2723 650 2783 eliam
667 2724 824 2785 detinuere
841 2733 922 2788 tuos.

273 2801 397 2865 Scilicet
412 2804 441 2864 in
458 2805 601 2868 domibus
616 2809 729 2870 vestris
743 2816 777 2869 ut
791 2809 897 2886 prisca
909 2809 1046 2870 virorum

313 2887 433 2948 Artiliei
450 2889 566 2964 fulgent
582 2907 716 2967 corpora
729 2893 813 2967 picta
828 2909 929 2967 manu,

273 2971 325 3032 Sic
340 2987 420 3046 quae
436 2973 617 3036 concubitus
633 2977 737 3037 vanos
754 2977 938 3052 venerisque
950 2976 1067 3051 figuras

311 3055 483 3132 Exprimat,
499 3066 548 3119 est
561 3059 665 3134 aliquo
680 3076 777 3136 parva
791 3059 904 3122 tabella
918 3061 997 3122 loco.

206 3142 259 3195 505
272 3139 374 3214 thue
389 3141 478 3202 sedet
491 3145 577 3203 vultu
593 3144 699 3208 lassus
712 3144 909 3205 Telamonius
923 3144 1008 3217 iram,

312 3224 410 3296 Inque
426 3226 527 3287 oculis
542 3228 663 3290 lacinus
680 3227 812 3290 barbara
825 3234 923 3289 mater
936 3226 1037 3299 habet,

273 3304 324 3368 Sic
339 3306 482 3371 madidos
497 3309 595 3370 siccat
609 3313 711 3388 digitis
725 3313 832 3373 Venus
847 3311 910 3372 uda
924 3311 1066 3386 capillos,

314 3391 352 3451 Et
366 3393 459 3455 modo
475 3396 620 3457 matamis
635 3405 716 3458 tecta
729 3396 850 3456 videtur
864 3394 965 3469 aquis.

271 3473 359 3535 Bella
374 3485 485 3539 sonant
499 3477 550 3538 alii
565 3481 634 3540 telis
649 3481 799 3541 instructa
813 3478 958 3544 cruentis,
