2394 3940
190 219 252 283 nn
623 215 770 278 IBlDlS

274 370 321 433 Sit
334 371 388 431 tibi
404 370 539 446 coniugii
553 384 616 428 nox
630 368 729 444 primu
743 368 912 428 novissima
925 368 1027 428 vitae=

315 455 444 530 Eupolis
458 454 518 515 hoc
533 452 624 530 periit
637 458 667 512 et
681 466 764 512 nova
778 459 873 527 nupta
887 453 989 513 modo.

273 537 374 613 thue
388 539 599 600 cothurnatum
613 535 765 596 cecidisse
777 536 1131 614 Lycophrona-narrant,

210 631 262 684 530
317 622 449 683 Haereat
463 623 494 682 in
508 620 594 682 fibris
608 619 672 680 lixa
685 619 797 694 sagitta
809 619 880 679 tuis.

274 709 337 766 ,hut
350 707 434 766 lacer
447 706 478 765 in
490 704 577 764 silvis
591 702 731 762 manibus
747 717 894 778 spargare
908 709 1042 778 tuorum,

321 788 456 864 Sparsus
471 796 502 848 ut
517 795 565 848 est
576 785 688 847 Thebis
703 801 804 861 angue
818 794 938 847 creatus
953 803 1026 846 avo.

279 874 397 947 Perque
411 875 494 932 leros
510 878 628 933 montes
644 877 732 930 lauro
747 870 884 944 rapiente
898 870 1042 946 traharis,

317 957 357 1016 Ut
369 963 465 1016 tracta
480 963 527 1016 est
542 956 675 1016 coniunx
689 953 857 1027 imperiosa
869 953 955 1032 Lyci.

211 1047 263 1102 555
278 1039 431 1114 Quodque
445 1055 519 1099 suae
534 1055 630 1114 passa
644 1042 692 1096 est
705 1038 797 1112 pelex
810 1037 905 1096 invita
919 1037 1049 1112 sororis,
1160 1073 1164 1076 -

317 1123 448 1182 Excidat
462 1129 532 1183 aute
547 1123 644 1198 pedes
658 1121 763 1195 lingua
776 1128 897 1181 resecta
909 1127 991 1182 tuos.

277 1205 424 1266 Conditor
435 1215 469 1267 ut
481 1207 602 1279 tardae,
616 1205 747 1265 Blaesus
763 1204 959 1278 cognomine,
975 1205 1089 1282 Cyrae,

319 1288 407 1350 Orbis
419 1291 449 1348 in
465 1289 630 1349 innumeris
646 1288 803 1348 inveniare
817 1289 903 1348 locis.

276 1371 371 1446 Inque
386 1375 446 1433 tuis
462 1373 581 1448 opifex,
597 1373 658 1431 vati
673 1373 757 1448 quod
771 1372 843 1432 iecit
856 1373 991 1446 Achaeo,

209 1463 263 1518 540
318 1455 417 1516 Noxia
430 1456 594 1516 luminibus
609 1456 730 1532 spicula
744 1457 858 1516 condat
871 1457 951 1532 apis.

274 1539 369 1599 Fixus
385 1541 458 1600 etin
474 1541 558 1601 duris
574 1540 710 1615 carparis
727 1540 846 1600 viscera
860 1540 954 1612 saxia,

320 1624 359 1684 Ut
373 1624 422 1684 cui
436 1624 554 1702 Pyrrha
568 1625 616 1684 sui
632 1623 694 1682 filia
709 1624 809 1684 lratris
824 1631 897 1684 erat.

276 1707 316 1768 Ut
330 1724 408 1782 puer
421 1709 613 1786 Harpalyces
627 1708 744 1768 releras
759 1709 900 1783 exempla
912 1708 1080 1786 Thyestae,

317 1792 412 1868 lnque
427 1793 470 1853 tui
486 1807 596 1852 caesus
612 1791 733 1851 viscera
748 1791 843 1866 patris
858 1807 922 1851 eas.
1043 1813 1045 1816 ⁴

214 1882 268 1936 545
282 1875 400 1935 Trunca
414 1893 503 1950 geras
519 1892 614 1936 saevo
629 1875 772 1936 mutilatis
788 1875 925 1950 partibus
941 1891 1026 1949 ense,

319 1959 426 2032 Qualia
440 1960 605 2020 Mamertae
619 1959 755 2020 membra
769 1959 866 2019 luisse
882 1960 991 2020 lerunt.

277 2041 377 2114 thue
393 2044 561 2122 Syracosio
578 2044 757 2118 praestricta
772 2045 862 2104 fauce
876 2049 996 2118 poetae,

320 2125 372 2184 Sic
387 2128 506 2186 animae
521 2128 630 2200 laqueo
646 2128 686 2186 sit
700 2128 750 2186 via
764 2128 871 2188 clausa
885 2134 965 2188 tuae.

278 2207 404 2268 Nudave
421 2210 547 2284 derepta
562 2216 686 2284 pateant
698 2218 751 2270 tua
765 2211 886 2271 vIscera
902 2211 990 2286 pelle,

213 2299 267 2352 550
322 2293 362 2352 Ut
374 2292 539 2371 Phrygium
555 2294 640 2355 cuius
656 2296 779 2354 nomina
793 2294 907 2356 flumen
923 2295 1024 2357 habet.

279 2375 431 2437 Saxificae
448 2378 554 2438 videas
569 2379 674 2438 infelix
690 2394 745 2439 ora
758 2379 917 2450 Medusae,

321 2461 495 2536 Cephenum
511 2466 624 2524 multos
641 2478 719 2538 quae
735 2463 819 2522 dedit
833 2479 893 2524 una
907 2464 984 2522 neoi.

276 2546 456 2606 Potniadum
472 2563 592 2606 morsus
607 2546 736 2616 subeaS,
752 2554 786 2606 ut
799 2547 948 2620 Glaucus,
963 2563 1122 2624 equarum

319 2630 414 2703 laque
429 2631 520 2689 maris
537 2631 645 2701 saliaS,
664 2631 797 2691 Glaucus
812 2638 845 2690 ut
859 2632 948 2704 alter,
964 2647 1076 2706 aquas.

211 2718 265 2772 555
278 2712 379 2784 thue
394 2713 515 2773 duobus
530 2713 610 2772 idern
629 2715 717 2773 dictis
731 2715 824 2776 modo
841 2730 953 2774 nornen
967 2715 1103 2788 habenti,

316 2794 497 2855 Praefocent
510 2797 628 2856 animae
644 2798 759 2858 Gnosia
773 2799 968 2859 mellarium.

278 2877 476 2952 Sollicitoque
490 2879 596 2955 bibas,
610 2883 705 2959 Anyti
722 2883 918 2944 doctissimus
934 2883 1006 2942 olim

279 2993 283 3004 =
320 2963 531 3036 Inperturbato
548 2965 631 3041 quod
646 2965 722 3024 bibit
737 2983 790 3025 ore
805 2983 887 3026 reus.

276 3043 338 3103 Nec
354 3045 419 3116 tibi,
436 3048 536 3122 siquid
552 3067 653 3122 arnas,
671 3049 789 3110 lelicius
804 3053 962 3110 Haemone
976 3049 1083 3110 cedat=

213 3137 266 3190 550
321 3129 422 3202 thue
438 3149 494 3191 suu
505 3133 680 3208 Macareus,
697 3135 742 3194 sie
759 3135 875 3210 potiare
891 3142 952 3194 tua.

278 3212 335 3272 Vel
354 3213 474 3285 videa's,
490 3217 646 3291 quodiam
663 3233 730 3278 cum
747 3218 888 3278 flammae
903 3224 1013 3278 cuncta
1025 3219 1171 3286 tenerent,

319 3295 488 3357 Hectoreus
505 3303 602 3373 patria
617 3301 692 3362 vidit
706 3302 744 3362 ab
760 3318 831 3362 arce
846 3318 931 3377 puer.

278 3379 432 3454 Sanguine
447 3383 560 3456 probra
576 3384 656 3459 luas,
672 3393 704 3446 ut
716 3403 774 3447 avo
790 3387 927 3461 genitore
941 3391 1075 3460 creatus,

319 3463 376 3524 Per
391 3465 507 3524 lacinus
523 3483 613 3527 soror
627 3478 675 3530 est
689 3471 737 3530 oui
752 3487 809 3530 sua
824 3471 903 3530 lacta
919 3484 1041 3545 parcns.
1065 3469 1068 3477 '

213 3555 265 3608 505
282 3546 411 3608 Ossibus
427 3548 521 3624 inque
536 3550 596 3610 tuis
611 3553 661 3612 leli
677 3569 775 3628 genus
789 3553 915 3613 haereat
927 3552 1012 3626 illud,
