2372 3928
353 274 394 346 ll,
413 273 592 337 tta-321.
914 275 977 340 229

98 427 177 488 Nuda
192 427 290 487 lerant
304 424 405 501 posita
421 440 554 501 corpora
568 433 669 501 veste,
685 435 799 502 rogas?

24 517 57 571 tlt
67 511 125 585 lpse
138 510 212 570 deus
230 509 323 570 velox
341 509 513 569 discurrere
527 508 641 584 gaudet
655 511 685 570 in
703 511 770 571 altis

98 593 258 665 Montibus,
274 600 305 654 et
319 591 435 652 subitas
451 593 585 667 concipit
599 593 666 668 ipse
681 596 780 669 luges.

68 678 125 752 lpse
137 677 212 737 deus
227 677 328 737 nudus
344 677 444 738 nudos
460 676 543 736 iubet
556 677 600 736 ire
615 677 779 738 ministros.

99 761 153 821 llec
167 761 241 821 satis
258 761 298 822 ad
313 776 420 820 cursus
441 760 603 820 commoda
618 763 712 822 vestis
729 767 802 821 erat.

70 843 248 905 tutelarem
262 845 396 919 genitum
410 850 507 904 terras
521 843 668 905 habuisse
683 846 818 906 teruntur

28 927 62 980 tlt
101 927 246 1001 Arcades,
265 935 295 989 et
309 929 379 988 luna
392 943 470 1003 gens
485 927 570 1002 prior
583 929 634 989 illa
648 929 711 989 luit.

70 1011 126 1070 Vita
138 1010 208 1072 ieris
224 1011 347 1086 similis,
362 1013 463 1072 nrrllos
478 1011 590 1086 agitata
603 1027 763 1087 perusus:

99 1095 173 1156 artis
188 1095 289 1156 adhuc
304 1110 417 1170 expers
432 1101 463 1155 et
481 1094 558 1155 rude
573 1097 682 1171 volgus
699 1102 772 1156 erat.

70 1175 114 1236 Pro
128 1178 265 1240 domibus
280 1180 406 1238 lrondes
422 1186 544 1253 norant,
560 1194 616 1253 pro
633 1179 769 1254 frugibus
785 1178 912 1240 herbasa

100 1261 199 1323 Nectar
212 1265 276 1324 erat
290 1263 398 1337 palmis
413 1263 521 1323 hausta
541 1261 658 1323 duabus
674 1279 765 1339 aqua.

30 1348 62 1402 lli
72 1341 159 1406 llullus
172 1346 332 1407 anhelabat
346 1345 402 1406 sub
419 1347 539 1407 adunco
556 1362 678 1407 vomere
692 1355 812 1408 taurus.

100 1428 178 1490 Nulla
192 1429 248 1491 sub
264 1430 390 1505 imperio
405 1435 486 1490 terra
500 1429 627 1490 colentis
642 1438 721 1492 erat:

72 1510 159 1574 llullus
173 1513 272 1574 adhuc
286 1520 351 1573 erat
364 1531 441 1574 usus
457 1513 537 1588 equi.
567 1529 602 1574 se
617 1513 747 1589 quisque
762 1513 886 1573 larebat.

103 1595 160 1658 ibat
173 1598 240 1659 ovis
256 1599 326 1657 lana
340 1613 454 1672 corpus
469 1597 579 1658 amicta
594 1613 661 1658 sua.

75 1676 124 1738 Sub
137 1679 205 1742 love
219 1681 369 1742 durabant
383 1687 413 1741 et
427 1695 558 1756 corpora
572 1683 653 1742 nuda
668 1682 824 1756 gerebant,

31 1757 65 1810 ³⁰⁰
104 1762 189 1826 Docta
203 1780 312 1840 graves
327 1764 440 1826 imbres
456 1771 486 1824 et
499 1765 629 1825 tolerare
644 1772 744 1826 notae.

73 1843 141 1905 llunc
154 1864 274 1923 quoque
290 1849 399 1911 detecti
413 1849 547 1908 referunt
562 1850 745 1910 monimenta
760 1848 871 1908 vetusti

104 1929 202 2004 lloris,
219 1937 248 1991 et
262 1932 402 2007 antiquas
418 1933 615 1993 testificantur
630 1949 717 2008 opes.

75 2007 124 2071 Sed
139 2029 189 2076 cur
203 2017 368 2091 praecipue
384 2016 477 2091 fugiat
492 2017 643 2076 velamina
657 2017 790 2088 Faunus,

105 2097 231 2162 traditur
244 2100 358 2176 antiqui
373 2099 477 2162 tabula
489 2101 580 2175 plena
593 2100 662 2161 ioci.

33 2179 66 2237 la
76 2177 148 2242 lone
161 2199 262 2244 comes
277 2183 420 2245 dominae
436 2183 553 2244 iuvenis
568 2183 742 2261 Tirynthius
759 2183 837 2244 ibat=

106 2265 178 2327 Vidit
191 2269 228 2328 ab
243 2269 367 2330 excelso
383 2269 504 2329 Faunus
520 2275 680 2344 utrumque
694 2267 775 2343 iugo.

75 2346 154 2423 tuit,
169 2359 197 2413 et
209 2351 348 2427 incaluit,
364 2351 592 2427 ‘Montana’que
606 2351 763 2424 ‘numina'
778 2351 854 2410 dixit

107 2432 155 2493 ‘Nil
168 2435 237 2494 mihi
253 2436 413 2497 vobiscum
427 2442 482 2496 est
509 2435 559 2495 hic
573 2451 658 2494 meus
676 2434 769 2495 ardor
782 2435 860 2493 erit’

76 2511 127 2575 Ibat
139 2518 269 2581 odoratis
282 2520 427 2581 humeros
444 2520 570 2595 perlusa
585 2517 702 2593 capillis

33 2603 67 2659 tlt
108 2598 248 2676 Maeonis,
265 2611 372 2664 aurato
388 2603 607 2679 conspicienda
621 2602 700 2661 sinu.

77 2681 161 2744 Aurea
175 2687 325 2762 pellebant
338 2687 459 2763 tepidos
473 2686 649 2747 umbracula
663 2686 757 2757 soles,

108 2767 179 2840 Quae
192 2777 290 2832 tamen
305 2771 474 2832 Herculeae
488 2771 661 2830 sustinuere
676 2785 794 2830 manus.

77 2846 181 2927 Iamque
195 2871 300 2916 nemus
315 2854 441 2927 Bacchi,
456 2855 551 2915 Tmoli
566 2854 682 2926 vineta,
697 2852 828 2927 tenebat,

108 2933 251 3013 Hesperos
266 2945 297 3000 et
312 2941 399 3000 lusco
415 2939 558 3000 roscidus
572 2937 635 2998 ibat
649 2952 739 3010 equo.

33 3015 67 3069 tlt
79 3015 156 3079 luca
169 3023 261 3096 subit,
277 3022 380 3097 tophis
395 3023 538 3099 laqueata
551 3028 581 3082 et
595 3021 715 3096 pumice
729 3019 811 3080 vivo.

110 3101 244 3168 Garrulus
259 3106 289 3166 in
306 3105 404 3182 primo
420 3107 522 3166 limine
537 3105 621 3165 rivus
637 3110 709 3164 erat.

78 3182 195 3261 Dumque
208 3196 318 3264 parant
331 3193 438 3266 epulas
454 3191 649 3264 potandaque
665 3187 734 3246 vina
749 3184 884 3258 ministn,

108 3267 229 3335 cultibus
243 3272 373 3334 Alciden
390 3274 508 3335 instruit
523 3274 574 3333 illa
588 3272 663 3331 suis.

79 3350 123 3410 lat
133 3357 226 3417 tenuis
240 3358 376 3432 tunicas,
394 3359 520 3418 Gaetulo
536 3356 650 3416 murice
666 3355 785 3423 tinctas,

23 3433 68 3518 *ltu
109 3437 158 3498 lla'l
170 3448 292 3502 teretem
307 3457 431 3516 zonam,
448 3439 615 3517 quamodo
632 3439 729 3498 cincta
743 3435 807 3508 luit

25 3529 26 3534 ¹
76 3517 171 3582 Ventre
185 3525 282 3586 minor
296 3541 375 3585 zona
389 3532 446 3587 ast.
475 3525 643 3586 tunicarum
658 3522 758 3581 vincla
770 3519 896 3589 relaxat,
