2492 3926
442 227 499 296 IV,
521 225 700 291 tlt—551.
1017 227 1080 292 283

87 391 134 443 515
153 378 270 440 Restitit
283 385 313 440 el
327 380 439 452 senior,
459 378 599 453 quamvis
614 397 693 440 onus
710 387 806 454 urget,
830 387 860 439 et
875 389 942 440 orat

188 464 280 523 Tecta
295 481 370 524 suae
383 463 494 524 subeat
509 464 787 538 quantulacumque
802 478 904 523 casae.

148 548 202 607 Illa
217 554 316 622 negat.
345 548 502 608 simularat
515 563 616 617 anum,
634 547 783 621 mitraque
797 547 926 620 capillos

188 631 353 691 Presserat.
383 631 505 692 instanti
521 631 592 688 talia
608 631 689 690 dieta
705 631 808 690 rclcrt=

149 715 281 790 ‘Sospes
297 732 367 789 aas,
388 729 572 790 semperque
588 722 715 788 parenst
737 714 808 774 mihi
824 713 886 772 filla
899 720 986 788 rapta
1001 721 1056 774 est.

89 809 134 861 tto
189 799 271 859 Heu!
287 800 394 858 melior
408 806 521 874 quanto
537 813 606 857 sors
622 806 673 857 tua
688 806 771 858 sorte
786 813 854 856 mea
869 801 939 856 est.’

149 883 244 958 Dixit,
265 891 309 957 et,
327 891 360 942 ul
378 883 551 942 lacrimae...
567 883 762 957 nequeenim
778 880 935 940 lacrimare
950 881 1075 940 deorum

793 971 871 1024 est...

188 1049 308 1110 Decidit
322 1050 352 1110 in
366 1049 490 1126 tepidos
506 1048 608 1109 lucida
623 1055 707 1123 gutta
721 1047 818 1108 sinus.

148 1132 236 1193 Flent
249 1135 361 1209 pariter
375 1136 483 1194 molles
498 1133 606 1193 animis
624 1133 773 1208 virgoque
788 1147 961 1206 senexque:

189 1218 341 1294 Equibus
356 1219 433 1278 haec
449 1217 519 1278 iusti
535 1216 629 1276 verba
645 1218 730 1276 luere
744 1217 844 1276 senis:

90 1313 134 1368 525
147 1301 212 1362 ‘Sic
227 1302 294 1374 tibi,
310 1319 401 1378 quarn
416 1310 533 1377 raptam
550 1300 695 1375 quereris,
719 1300 758 1360 sit
772 1301 835 1360 filia
849 1315 971 1374 sospes,

189 1387 295 1462 Surge,
313 1402 370 1446 nec
384 1386 513 1461 exiguae
528 1384 655 1459 despice
670 1391 748 1444 lecta
763 1389 877 1446 casae!

150 1473 201 1534 Cui
217 1472 275 1534 dea
289 1471 395 1533 ‘Duct’
411 1471 516 1546 inquil.
546 1469 661 1540 scisti,
686 1487 747 1545 qua
762 1485 872 1549 cogere
887 1474 1012 1545 posses’

190 1559 294 1634 Seque
308 1560 390 1621 levat
403 1573 490 1638 saxo,
514 1554 773 1635 subsequiturque
790 1569 904 1617 senem.

148 1644 218 1705 Dux
232 1644 333 1705 comiti
349 1654 464 1720 narrat,
487 1663 578 1722 quarn
594 1647 633 1708 sit
647 1645 704 1706 sibi
720 1644 801 1705 lilius
818 1656 918 1717 aeger,

92 1739 136 1794 550
189 1729 250 1789 Nec
265 1729 366 1805 capiat
379 1747 505 1792 somnos
521 1727 716 1806 invigiletque
735 1728 831 1789 malis.

148 1813 202 1873 illu
218 1815 437 1890 soporiferum,
459 1832 573 1891 parvos
588 1815 697 1874 initura
713 1821 850 1889 penates,
886 1843 888 1846 ·

190 1897 309 1973 Colligit
324 1898 437 1974 agresti
452 1902 520 1960 lenc
536 1915 672 1975 papaver
686 1899 789 1960 llumo.

150 1983 226 2042 llum
240 1984 327 2058 legit,
351 1983 444 2044 oblito
460 1984 555 2045 lemur
568 1991 710 2059 gustasse
725 1985 836 2058 palato,

188 2066 387 2142 Longumque
402 2069 580 2143 imprudens
597 2067 770 2128 exsoluisse
786 2068 905 2126 tamem.

91 2157 136 2212 555
150 2149 231 2224 Quae
247 2152 318 2226 quia
332 2150 481 2228 principio
497 2153 601 2229 posuit
614 2150 726 2212 ieiunia
740 2151 848 2224 noctis,

186 2233 320 2310 Tempus
335 2235 448 2297 habent
461 2243 581 2314 mystae
597 2236 699 2296 sidera
713 2236 783 2296 deri
797 2235 879 2296 cibi.

149 2318 251 2378 Limen
266 2327 299 2380 ut
310 2318 446 2396 intravit,
468 2319 665 2381 luctus'videt
680 2321 781 2381 omnia
796 2320 895 2395 plena.
920 2359 921 2362 ,

188 2405 251 2463 lam
267 2420 340 2480 spes
355 2403 386 2464 in
401 2420 497 2480 puero
513 2407 596 2464 nulla
610 2405 716 2466 salutis
732 2411 818 2464 erat.

148 2487 243 2546 lllatre
257 2489 415 2548 salutata...
430 2495 527 2548 mater
539 2489 687 2549 Metanira
701 2495 860 2548 vocatur...

88 2581 135 2634 540
185 2571 315 2646 Iungere
329 2571 453 2647 dignam
469 2581 517 2634 cst
531 2589 567 2634 os
584 2573 699 2649 puerile
715 2587 781 2632 suo.

148 2655 247 2715 Pallor
260 2655 338 2728 abit,
357 2656 539 2733 subitasque
552 2658 658 2717 vident
672 2657 702 2716 in
718 2670 848 2730 corpore
862 2654 955 2713 vires.

188 2740 303 2800 Tantus
320 2741 444 2801 caelesti
458 2739 543 2802 venit
557 2743 596 2802 ab
611 2756 665 2802 ore
680 2741 776 2816 vigor.

148 2823 221 2882 Tota
237 2823 346 2885 domus
361 2825 440 2885 laeta
454 2833 511 2887 est.
539 2825 599 2886 hoc
614 2833 670 2898 est.
686 2833 843 2900 materque
858 2830 1006 2900 paterque
1032 2875 1037 2882 .

188 2906 336 2983 Nataque.
366 2917 428 2970 tres
443 2910 484 2970 illi
498 2916 563 2970 tola
577 2910 662 2970 luere
677 2910 797 2969 domus.

88 2998 134 3054 tta
149 2991 220 3050 Mox
236 2994 344 3067 epulas
360 3002 490 3068 ponunt,
515 2994 678 3070 liquelaeta
693 2994 823 3068 coagula
837 2995 915 3053 laete

185 3075 340 3151 Pomaque
355 3083 386 3136 ct
399 3076 429 3137 in
442 3078 522 3138 ceris
535 3094 629 3140 aurea
644 3079 735 3140 mella
749 3079 825 3138 suls.
963 3130 966 3134 .

148 3159 291 3219 Abstinet
306 3161 386 3220 alma
400 3161 509 3236 Ceres,
532 3162 693 3237 somnique
710 3177 866 3237 papavera
881 3177 992 3222 causas

188 3243 247 3302 Dat
262 3243 314 3302 tibi
330 3260 398 3305 cum
413 3246 517 3322 lepido
533 3246 610 3306 lacte
625 3245 767 3318 bibenda,
791 3261 877 3321 puer.

149 3326 252 3388 Noctis
268 3335 334 3389 erat
348 3329 495 3402 medinm,
519 3329 693 3405 placidique
708 3329 828 3388 silentia
842 3331 957 3389 somni:

87 3417 133 3472 550
187 3410 403 3486 Triptolemum
418 3414 533 3488 gremio
549 3412 672 3474 sustulit
685 3415 736 3472 illa
751 3429 818 3487 suo,

148 3497 268 3573 Terque
283 3512 372 3555 manu
388 3491 547 3571 permulsit
562 3513 639 3572 eum,
661 3495 718 3556 tria
733 3496 866 3556 carmina
879 3494 963 3567 dixit
