2372 3928
304 252 359 326 lV,
383 250 436 327 10,
458 250 600 324 cl-ll,
623 251 674 314 22.
905 257 906 262 ’
936 255 996 318 193

46 419 70 475 ls
80 409 126 484 pul
141 421 320 482 quaruquam
336 413 383 466 esl
399 403 485 463 lacus
500 405 608 478 ingens
623 413 653 465 cl
668 407 840 467 conditura
855 416 883 466 le

110 493 160 550 Vir
172 505 265 563 nanto,
286 496 398 564 quanto
415 486 518 547 debuit
533 503 588 548 cre
603 487 680 562 cuni,

77 577 122 636 Esl
134 584 230 635 lamen
245 589 284 634 ex
298 572 351 633 illc
365 570 454 633 uobis
469 570 613 632 imitabile
628 573 790 648 quddam

110 661 198 733 lnquc
213 657 275 717 lide
288 656 424 718 Theseus
441 653 567 731 quilibet
581 671 653 718 esse
666 665 778 733 potest,

78 745 132 803 Ncn
148 741 197 802 libi
212 747 282 804 sunl
296 741 401 801 hostes
417 740 496 804 ferre
513 739 662 816 clavaque
677 742 831 814 domandi,

47 837 73 890 80
114 828 165 886 Per
179 841 258 901 quos
274 825 326 888 vix
340 825 391 883 ulli
407 823 530 900 pervius
545 823 676 887 Isthmos
692 835 771 888 eral:

80 911 130 971 Sed
143 910 343 986 praestandus
358 923 452 981 emor,
474 923 526 969 res
541 923 601 968 uon
617 925 752 985 operosa
767 910 889 972 volenli.

112 994 177 1068 Quis
191 993 278 1054 labor
292 1000 339 1054 esl
351 1007 457 1068 puram
472 1005 533 1052 non
549 998 716 1054 temerasse
731 995 846 1056 fidem?

80 1080 148 1139 llaec
161 1077 221 1153 libi,
245 1077 295 1154 qui
310 1084 431 1153 perslas
445 1075 646 1138 indeclinatus
664 1078 771 1150 amico,

111 1161 169 1222 Non
185 1161 330 1236 estquod
345 1161 449 1235 lingna
464 1154 545 1218 dicla
561 1170 706 1234 querente
721 1171 819 1238 pules

425 1305 529 1312 ⁴.------
543 1305 588 1312 -..-

29 1345 72 1437 ll.
115 1379 341 1441 cnunrcnr.

84 1460 177 1570 Gallio,
200 1499 316 1558 crimen
331 1499 388 1558 eril
401 1497 452 1560 vix
467 1498 644 1558 excusabile
659 1498 758 1570 nobis,

116 1581 244 1645 Carmine
258 1590 288 1642 te
303 1597 413 1642 ucmcn
428 1597 489 1641 nou
504 1581 651 1642 halmissc
665 1597 745 1643 mec.

82 1665 116 1724 Tu
127 1682 245 1742 qunque
260 1666 370 1726 euim...
386 1665 538 1726 memini...
556 1667 681 1728 caelesti
696 1667 825 1743 cuspide
842 1668 920 1728 sacua

114 1748 219 1816 lavisti
233 1750 367 1812 lacrimis
381 1751 508 1810 vulnere
524 1757 629 1812 nostra
644 1750 712 1811 luis.

62 1833 164 1907 alique
178 1835 290 1896 clinem
304 1834 382 1910 rapti
397 1835 513 1894 iactura
529 1835 632 1895 laesus
647 1835 735 1897 amici

113 1915 263 1981 Sensisscs
281 1919 366 1992 ulica,
390 1918 474 1993 quod
488 1931 659 1994 quererere,
681 1919 768 1979 nihil!

83 1999 133 2059 Non
146 2003 183 2062 ila
197 2003 246 2064 dis
262 2003 383 2078 placuit,
406 2002 457 2077 qui
471 2008 502 2061 lc
515 2002 650 2076 spoliare
667 2003 779 2078 pudica

112 2083 238 2162 Coniuge
253 2085 394 2151 crudeles
409 2101 470 2146 non
485 2084 620 2146 habuere
634 2087 737 2150 netas..

81 2167 169 2230 Nuntia
183 2186 254 2230 uam
269 2172 368 2232 luctus
383 2169 455 2229 milri
471 2185 569 2244 nuper
584 2171 715 2246 epistola
729 2172 827 2232 venit:

57 2256 77 2312 ll
114 2253 259 2330 ucraque
274 2270 342 2316 cum
356 2253 488 2314 lacrimis
503 2261 574 2315 sunl
589 2262 640 2316 lue
655 2256 766 2318 damna
780 2256 866 2316 meis.

83 2333 131 2395 Sed
143 2353 240 2412 neque
255 2340 435 2414 prudentem
452 2337 545 2397 solari
560 2338 679 2400 stultior
694 2339 801 2415 ausim,

113 2421 268 2496 Verbaque
284 2423 442 2484 doclorum
458 2429 529 2482 uota
543 2422 659 2483 relerre
672 2422 740 2485 tibi:

83 2500 254 2580 illitumque
269 2515 361 2580 tuum,
384 2505 410 2566 si
426 2520 486 2567 non
502 2505 628 2579 ratione,
653 2506 790 2566 dolorem

114 2588 177 2662 lpsa
190 2589 250 2650 iam
267 2591 385 2666 pridem
400 2589 543 2665 suspicor
557 2605 628 2649 esse
643 2605 737 2650 mera.

57 2669 145 2732 lelium
158 2680 208 2734 lua
222 2675 368 2749 pervenit,
391 2674 462 2738 dum
477 2673 573 2733 lillera
588 2681 693 2737 ncslra
706 2689 867 2735 recurrens

112 2753 160 2816 Tol
173 2759 266 2818 marin
276 2773 319 2821 ac
332 2766 429 2818 terras
446 2765 591 2833 permeat,
615 2774 713 2818 annus
728 2757 798 2818 ablu.

81 2835 219 2915 Temporis
235 2842 370 2905 cilicium
385 2841 500 2902 solacia
515 2840 618 2900 dicere
633 2844 706 2903 certi
722 2850 777 2916 est,

111 2922 179 2984 Dum
195 2925 284 2986 dolcr
297 2926 327 2986 in
344 2941 437 2986 cursu
450 2931 506 2995 est,
529 2923 600 2983 dum
616 2927 689 3000 pecu
704 2939 796 3002 aeger
811 2941 909 3001 opem.

20 3031 22 3076 3
81 3007 111 3063 nt
123 3021 183 3067 cum
199 3010 291 3084 longa
306 3010 372 3070 dies
387 3009 506 3069 sedavit
522 3009 647 3068 vulnera
662 3011 780 3082 mentis,

20 3085 21 3140 l
53 3089 75 3143 lc
115 3090 321 3169 intempestive
337 3091 388 3168 qui
405 3094 488 3152 lovel
502 3091 561 3164 illa,
584 3101 686 3154 noval.

80 3171 155 3234 Adde
170 3179 281 3251 quod...
298 3185 390 3253 alque
410 3175 523 3237 utinam
537 3191 642 3236 verum
658 3176 711 3238 libi
727 3176 845 3238 venerit
861 3183 999 3237 omenl...

22 3311 23 3346 ἦ
113 3257 250 3336 coniugio
266 3263 339 3322 lelix
353 3263 413 3322 iarn
427 3267 516 3336 potes
532 3275 604 3320 esse
618 3277 710 3322 novo.
