2394 3940
296 219 338 294 il,
360 217 413 294 10,
435 217 575 296 36—111,
598 216 708 296 1‚22.

89 373 157 448 Ergo
173 371 256 446 quod
271 370 369 432 suerat
383 373 513 434 stimulis
529 375 646 434 iactura
661 374 727 436 sine
742 376 820 449 uilis,

54 468 79 518 tt
122 455 238 515 Plenius
257 463 414 516 auctorem
429 464 458 516 te
480 473 606 533 quoque
620 465 730 518 nancto
745 460 825 519 iacit.

90 540 160 600 Acer
173 545 202 598 et
217 539 258 598 ad
274 541 393 614 pomae
413 557 469 616 per
484 556 519 602 so
538 558 682 603 cursurus
698 543 841 620 honores,

125 623 153 684 Si
167 630 266 684 tamen
281 623 426 700 horteris,
443 627 551 686 fortius
568 627 622 686 ibit
637 641 748 700 equus.

90 709 182 778 Adde,
200 709 284 781 quod
298 709 435 770 absentis
451 726 524 771 eura
537 710 679 771 mandata
697 711 779 770 fideli

122 791 249 864 perficis,
272 800 301 852 et
315 793 428 854 nulium
444 795 524 856 serre
538 796 675 870 gravaris
692 810 779 854 onus.
873 835 882 840 -

55 871 264 936 aot'reterant
281 885 397 952 grates,
415 881 560 955 quoniam
575 894 635 940 non
652 895 818 954 possumus
832 879 901 954 ipsi,

118 959 150 1019 Di
166 959 226 1018 tibi.
257 961 308 1036 qui
323 963 468 1039 reserent,
484 964 511 1024 si
525 964 576 1039 pia
591 964 670 1024 facto
685 963 799 1022 vident.

89 1041 276 1119 sufficiatque
290 1047 343 1104 diu
357 1061 472 1122 eorpus
488 1063 613 1124 quoque
629 1048 763 1108 moribus
779 1048 854 1122 istis,

121 1125 247 1189 Maxima
257 1129 395 1190 Fundani
410 1132 516 1207 glorio,
531 1133 618 1207 Rufe,
635 1131 703 1191 soti.

392 1277 608 1290 *—

283 1401 431 1482 itata
475 1401 710 1485 itatius.
808 1441 810 1450 “

57 1553 83 1652 l.
122 1590 272 1654 uxonr.

95 1674 210 1790 Aequor
224 1715 347 1774 Iasonio
364 1714 517 1790 pulsatum
531 1715 644 1790 remige
661 1717 799 1793 primum,

121 1797 257 1873 Quaeque
272 1813 329 1859 nee
344 1798 433 1858 hoste
448 1799 512 1858 tero
528 1814 584 1858 nec
599 1800 684 1874 nive,
700 1806 793 1873 terra,
810 1815 906 1876 cares,

91 1877 203 1957 quuod
216 1882 274 1943 erit
292 1890 427 1958 tempus,
444 1899 506 1958 quo
524 1899 581 1944 vos
598 1899 655 1958 ego
670 1885 752 1944 Naso
770 1885 947 1961 relinquam,

123 1966 150 2024 in
162 1967 261 2026 minus
276 1967 378 2027 hostili
393 1968 497 2028 iussus
513 1968 624 2028 abesse
639 1969 730 2028 looot

75 2050 133 2108 tito
145 2050 215 2110 mihi
230 2050 371 2111 barbaria
386 2051 551 2112 sinendum
568 2067 691 2128 semper
705 2054 735 2112 in
748 2054 828 2114 istut

125 2134 216 2210 Inque
229 2136 386 2196 Tomitana
401 2137 517 2196 oondar
532 2144 652 2212 oportet
666 2137 781 2198 humo?

94 2215 157 2278 Pace
171 2227 257 2290 tua‚..
274 2221 301 2280 si
317 2236 378 2296 pax
392 2220 453 2278 ulta
468 2226 515 2279 est
530 2221 597 2296 tibi,
612 2221 738 2282 Pontica
752 2223 850 2297 telius,

125 2301 275 2363 Finitimns
294 2304 402 2380 rapido
422 2320 512 2378 quam
527 2306 594 2364 terit
608 2304 706 2366 hostis
721 2322 833 2381 equo...

94 2383 158 2446 Pnoe
169 2395 221 2448 tua
236 2388 353 2449 dixisse
367 2389 468 2448 velim.
498 2396 529 2448 tu
545 2389 678 2465 pessima
694 2390 770 2450 duro
883 2455 890 2470 ,

63 2476 84 2526 lt
125 2470 191 2532 Pars
203 2487 238 2532 es
252 2471 283 2532 in
297 2473 405 2546 exilio,
422 2480 451 2532 tu
467 2473 547 2532 maia
562 2479 667 2534 nostra
681 2488 803 2548 gravas.

94 2554 127 2612 Tu
143 2571 238 2632 neque
255 2572 311 2616 ver
328 2557 423 2618 santis
439 2557 571 2618 cinctum
589 2556 717 2616 florente
732 2571 854 2626 corona,

125 2639 164 2700 Tu
178 2655 278 2716 neque
293 2656 465 2701 messorum
480 2655 611 2716 corpora
626 2641 708 2700 nuda
724 2641 821 2700 vides.

94 2720 144 2781 Neo
157 2723 206 2783 tibi
221 2725 402 2800 pampineas
418 2731 579 2784 autumnus
597 2724 723 2799 porrigit
736 2739 828 2783 uvas:

126 2807 233 2868 Cuncta
249 2810 306 2868 sed
323 2807 508 2868 inmodicum
522 2816 661 2882 tempora
676 2808 769 2883 frigus
785 2806 906 2866 habent.

62 2884 84 2937 15
94 2889 129 2948 Tu
140 2893 233 2965 glacie
247 2893 325 2952 freta
338 2893 442 2954 vineto
457 2900 552 2966 tenes,
574 2898 604 2951 et
618 2891 647 2950 in
662 2905 799 2965 aequore
813 2891 908 2967 piscis

126 2975 260 3037 Inclusus
276 2983 356 3037 tecta
370 2993 466 3052 saepe
484 2976 598 3036 natavit
612 2991 703 3049 aqua.

93 3055 144 3117 Neo
157 3059 207 3119 tibi
227 3067 299 3121 sunt
314 3062 430 3138 fontes,
445 3060 543 3120 laticis
559 3059 618 3120 nisi
634 3073 732 3134 paene
747 3057 862 3132 marini,

29 3191 30 3194 η
127 3143 178 3217 Qui
194 3153 284 3220 notus
296 3145 422 3207 dubium
438 3145 525 3205 sistat
542 3146 640 3202 alatne
655 3143 744 3202 sitim.
774 3175 776 3179 ,

29 3239 30 3242 ¹
94 3223 176 3302 Raro,
193 3245 293 3304 neque
309 3230 386 3290 haee
402 3230 489 3302 felix,
506 3226 665 3304 inopertis
682 3226 793 3286 eminet
810 3225 892 3286 arvis

60 3309 83 3364 it
126 3311 229 3374 Arbor.
257 3320 288 3373 et
303 3314 331 3374 in
349 3322 429 3374 terra
444 3319 491 3373 est
510 3313 603 3371 altera
619 3313 717 3371 forma
731 3311 835 3370 maris.

29 3377 30 3408 ¹
93 3391 149 3454 Non
162 3397 226 3456 avis
242 3397 433 3472 obloquitur,
450 3396 552 3470 silvis,
569 3397 627 3456 nisi
642 3396 746 3470 siqua,
761 3393 897 3465 remotis,

29 3483 31 3522 Ρ
124 3479 300 3556 Aequoreos
315 3496 408 3543 rauco
421 3487 542 3556 gutture
557 3485 641 3557 potat
655 3494 763 3554 aquas.
