2492 3926
215 262 277 330 324
596 257 852 320 PASTORUM

232 425 283 480 295
298 415 377 475 Esse
392 413 445 473 diu
461 411 571 472 stultus
584 411 700 472 Vestae
716 411 879 472 simulacra
894 409 1015 486 patavia

341 499 415 558 Mox
430 496 523 558 didlci
539 512 632 556 curvo
649 497 732 556 nulla
748 494 880 556 subesse
894 494 990 555 tholo.

299 585 384 659 Ignis
400 581 584 641 inextinctus
599 580 712 658 templo
729 581 845 640 celatur
859 580 889 638 in
905 579 967 638 illo.

343 667 484 742 Effigiem
499 665 612 725 nullam
626 666 724 726 Vesta
738 679 796 723 nec
810 665 889 739 ignis
903 661 1008 722 habet.

304 753 370 814 Stat
385 751 413 810 vi
429 758 509 811 terra
524 765 589 809 sua.
617 750 649 808 vi
664 749 776 810 stando
790 749 888 808 Vesta
903 755 1049 808 vocatum

233 847 287 901 300
344 836 506 910 Causaque
522 849 579 909 par
594 833 664 894 Grai
678 832 810 894 nominis
827 849 898 894 esse
913 840 1026 910 potest.

301 925 342 981 At
357 921 447 981 locus
463 933 481 978 a
495 917 627 977 flammis
645 925 680 988 et·
691 919 775 993 quod
790 917 875 978 fovet
889 918 1000 990 omnia,
1016 917 1135 976 dietus:

344 1004 401 1079 Qui
414 1012 514 1063 tamen
529 1004 559 1061 in
575 1003 682 1078 primis
696 1000 825 1062 aedibus
842 1009 912 1062 ante
926 1002 990 1062 luit.

300 1091 379 1149 Hinc
395 1103 520 1164 quoque
533 1087 719 1148 vestibulum
735 1086 795 1146 dici
809 1102 890 1147 reor.
919 1085 992 1146 inde
1005 1086 1164 1160 precando

343 1174 520 1233 Praefamur
536 1172 680 1243 Vestam,
704 1187 784 1245 quae
798 1173 868 1232 loca
884 1171 983 1246 prima
998 1165 1092 1230 tenet.

235 1268 287 1321 305
302 1261 382 1318 Ante
398 1258 486 1317 locos
503 1256 575 1316 olim
590 1256 724 1316 scamnis
741 1256 904 1316 considere
918 1256 1020 1328 longis

341 1341 411 1402 Mos
427 1347 506 1414 erat,
523 1345 553 1399 et
566 1343 693 1401 mensae
709 1341 836 1400 eredere
851 1339 964 1400 adesse
980 1339 1068 1398 deos.

249 1435 251 1440 “
300 1426 387 1487 Nunc
403 1440 529 1501 queque
547 1439 616 1484 curn
630 1424 707 1485 fiunt
721 1425 866 1499 antiquae
881 1438 972 1484 sacra
986 1423 1142 1495 Vacunae,

342 1513 422 1572 Ante
435 1508 609 1571 Vacunales
624 1515 766 1584 stantque
781 1509 952 1583 sedentque
971 1507 1070 1568 locos.

301 1597 394 1656 Venit
407 1595 437 1655 in
452 1595 511 1655 hos
526 1609 624 1655 annos
639 1593 756 1669 aliquid
771 1593 810 1653 de
827 1608 912 1653 more
926 1599 1065 1652 vetusto:

239 1688 291 1742 310
310 1683 312 1688 ’
347 1679 419 1740 Fert
432 1681 546 1740 missos
561 1680 677 1738 Vestae
692 1694 771 1754 pura
786 1679 900 1753 patella
916 1676 1013 1738 cibos.

305 1763 386 1825 Ecce
402 1764 558 1825 coronatis
574 1763 663 1839 panis
679 1761 835 1838 dependet
848 1760 962 1834 asellis,

346 1849 384 1908 Et
397 1850 500 1910 velant
515 1846 642 1909 scabras
657 1846 770 1909 floride
785 1853 871 1909 serta
885 1846 995 1907 moles.

242 1943 245 1948 ·
307 1932 382 1994 Sela
395 1934 479 2009 prius
496 1932 591 1993 turnis
609 1933 765 1993 torrebant
778 1933 860 1994 farra
874 1931 986 2008 coloni,

347 2018 386 2078 Et
399 2017 559 2078 Fornacali
574 2023 644 2078 sunt
659 2034 716 2078 sua
730 2031 820 2078 sacra
834 2018 921 2077 dene.
1232 2073 1233 2076 ,

240 2108 290 2162 315
307 2101 507 2176 suppositum
521 2102 614 2161 cineri
629 2117 742 2176 panem
756 2103 845 2161 loeus
860 2103 928 2176 ipse
943 2100 1082 2175 parabat,

349 2184 510 2258 Strataque
525 2191 590 2244 erat
602 2185 707 2260 tepido
723 2186 826 2262 tegula
842 2200 958 2261 quassa
972 2186 1052 2244 solo.

305 2267 382 2328 Inde
397 2268 501 2328 locum
515 2275 619 2328 servat
635 2269 746 2344 pistor,
763 2269 981 2344 dominamque
997 2269 1133 2328 loconun

348 2353 386 2412 Et
401 2367 481 2428 quae
494 2353 653 2428 pumiceas
667 2361 773 2414 versat
787 2355 884 2414 asella
898 2354 1006 2414 molas.

306 2438 512 2511 Praetorem,
532 2438 703 2497 referamne
720 2445 819 2514 tuurn,
835 2437 1007 2500 rubicunde
1019 2437 1137 2513 Priape,

241 2531 294 2585 300
349 2521 515 2582 Dedecus?
535 2522 680 2582 estmulti
695 2522 799 2582 sabula
813 2537 911 2597 parva
926 2522 994 2582 ioci.
1230 2593 1231 2596 Ἴ

307 2607 469 2680 'surrigere
483 2605 614 2666 frontem
630 2606 743 2683 Cybele
757 2607 899 2668 redimita
914 2621 1029 2668 corona

351 2690 508 2750 Convocat
522 2698 664 2751 aeternos
680 2692 721 2752 ad
737 2708 795 2752 sua
809 2692 888 2752 festa
904 2691 990 2752 deos.

309 2775 465 2834 Convocat
480 2780 510 2833 et
524 2780 647 2852 satyros
663 2784 708 2850 et,
729 2775 845 2836 rustica
859 2777 998 2850 numina,
1014 2771 1180 2854 nymphas:

351 2857 488 2933 Silenus,
512 2859 652 2932 quamvis
667 2876 758 2922 nemo
774 2868 912 2936 vocarat,
930 2861 1028 2921 adest.

241 2952 292 3004 325
307 2941 369 3002 Nec
384 2943 469 3018 licet,
493 2951 524 3004 et
538 2944 662 3019 longum
679 2953 727 3006 est
741 2947 849 3021 epulas
865 2961 990 3006 narrare
1005 2945 1147 3004 deorum.

349 3027 382 3086 In
399 3028 491 3088 rnulto
507 3044 571 3088 nox
585 3036 633 3090 ost
647 3030 829 3106 pervigilata
844 3046 940 3092 mero.

306 3110 344 3170 Hi
359 3119 473 3174 temere
489 3112 630 3173 errabant
643 3114 673 3174 in
689 3130 808 3190 opacae
821 3115 954 3175 vallibus
968 3113 1058 3173 Idae:

349 3194 424 3256 Pars
439 3197 518 3257 iacet
533 3205 563 3258 et
576 3199 660 3258 molti
674 3201 810 3273 gramine
824 3199 962 3260 membra
977 3199 1075 3257 levate

307 3281 345 3340 Hi
358 3281 475 3342 ludunt.
503 3281 561 3340 hos
577 3297 703 3342 somnus
717 3283 818 3344 habet.
847 3299 920 3359 pars
935 3281 1081 3342 bracchia
1094 3278 1187 3348 nectit

176 3418 180 3423 .
240 3372 293 3425 330
350 3364 388 3422 Et
403 3363 532 3422 viridem
546 3365 638 3424 celeri
652 3372 699 3424 ter
713 3367 794 3442 pede
813 3369 917 3442 pulsat
929 3367 1064 3426 humum.

309 3449 406 3505 Veste
420 3447 514 3518 iacet,
537 3447 752 3524 placidamque
770 3451 854 3525 capit
868 3465 980 3512 secura
996 3449 1138 3524 quietem,

351 3530 436 3589 Sicut
451 3537 529 3604 erat,
551 3531 686 3604 positum
702 3533 908 3613 cespitffilulta
923 3541 1026 3610 caput.
