2450 3932
303 221 307 238 '
347 268 402 343 nn,
423 266 479 346 no,
502 267 621 346 7-11,
641 267 672 332 s.

57 423 122 487 ltili
134 421 271 498 quamvis
287 421 400 484 boreas
414 421 532 482 iactatis
546 422 670 486 insonet
683 421 749 498 alis,

125 505 243 567 linctus
259 506 291 566 in
306 505 439 568 obsesso
453 505 573 582 gurgite
587 507 689 567 nullus
703 507 769 581 crit,

92 591 284 667 inclusaeque
297 591 370 666 gelu
385 589 516 662 stabunt,
531 595 566 650 ut
579 605 739 666 munnere,
754 606 889 668 puppes,

126 673 184 735 lieo
198 673 312 748 poterit
325 673 441 748 rigidas
456 674 574 734 findere
589 687 693 736 remus
708 690 817 750 aquas.

92 755 217 817 Vidimus
232 757 264 816 in
282 757 382 832 glacie
396 758 500 832 pisces
514 757 643 818 haerere
657 759 777 834 ligatos,

57 845 81 896 tu
123 838 179 900 Sed
192 857 268 916 pars
284 841 399 902 exiliis
413 847 486 901 tunc
501 857 627 916 quoque
641 841 713 902 viva
727 841 791 903 luit.

94 921 153 983 Sive
165 923 255 998 igitur
269 925 355 985 nimii
368 925 483 986 boreae
496 925 544 985 vis
560 939 657 986 saeva
671 926 815 1000 marinas,

126 1005 191 1067 Sive
203 1009 396 1070 redundatas
410 1007 538 1069 flumine
553 1009 636 1083 cogit
649 1025 757 1085 aquas,

92 1089 226 1167 Protinus,
242 1102 377 1169 aequato
392 1093 483 1154 siccis
499 1092 695 1169 aquilonibus
708 1093 821 1168 Histro,

124 1173 272 1237 Invehitur
288 1177 381 1237 celeri
395 1175 546 1240 barbarus
561 1175 659 1238 hostis
675 1192 774 1252 equos

60 1255 180 1319 toilostis
194 1275 276 1336 equo
292 1263 416 1336 pollens
430 1261 586 1336 longeque
598 1263 723 1322 volante
737 1261 847 1336 sagitta

123 1341 254 1404 Vicinam
269 1346 332 1404 iate
346 1345 555 1419 depopulatur
567 1343 702 1405 hurnunn.

93 1423 242 1501 Diffugiunt
256 1427 319 1501 aiii,
335 1428 490 1503 nullisque
505 1427 660 1490 tuentibus
676 1441 768 1504 agros

124 1509 326 1574 incustoditae
340 1511 525 1587 diripiuntur
539 1527 634 1588 opese

93 1591 169 1656 ituris
184 1613 261 1672 opes
278 1607 403 1671 parvae,
418 1611 516 1672 pecus
530 1604 560 1657 et
574 1594 733 1657 stridentia
746 1595 894 1670 plaustra,

62 1678 85 1732 ii
125 1677 157 1740 lc
169 1697 243 1756 quas
261 1678 384 1741 divitias
398 1679 500 1740 incola
514 1696 633 1756 pauper
646 1680 748 1741 habet.

93 1757 151 1822 Pars
164 1764 262 1838 agitur
275 1764 386 1824 vinctis
404 1770 476 1840 post
489 1770 608 1840 tergum
623 1770 714 1839 capta
727 1761 859 1836 lacertis,

28 1919 30 1928 ‚
124 1845 299 1923 Respiciens
315 1849 429 1908 trustra
442 1864 515 1908 rura
529 1850 688 1922 laremque
702 1861 809 1906 suum:

93 1925 152 1988 Pars
168 1932 246 1992 cadit
262 1931 393 1992 hamatis
408 1931 521 1993 misere
536 1931 659 1993 confixa
674 1929 809 2006 sagittis:

123 2012 189 2074 liam
201 2015 324 2076 volucri
339 2017 419 2077 ierro
434 2016 548 2076 tinctile
561 2016 646 2076 virus
662 2016 750 2076 inest.

62 2097 84 2151 it
95 2092 161 2167 Quae
172 2107 329 2175 nequeunt
344 2114 450 2160 secum
465 2101 545 2160 terre
559 2107 611 2161 aut
625 2099 788 2173 abducere,
804 2099 946 2174 perdunt,

29 2185 30 2216 ⁴
123 2179 156 2240 iit
168 2190 282 2244 cremat
294 2183 436 2244 insontes
450 2183 571 2244 hostica
584 2183 708 2244 flamma
722 2198 822 2243 casas.

30 2285 31 2296 ¹
93 2261 161 2324 Tunc
174 2283 308 2345 quoquc,
325 2284 396 2328 cum
409 2283 471 2344 pax
486 2275 542 2341 cst,
557 2267 712 2343 trepidant
725 2265 887 2329 tormidine
901 2264 982 2339 belii,

124 2345 178 2408 Nec
193 2353 359 2428 quisquam
373 2367 484 2426 presso
499 2367 626 2412 vomere
640 2353 738 2411 sulcat
751 2350 885 2411 hunnum.

31 2497 32 2516 ξ
93 2430 236 2510 Autvidet,
249 2441 302 2496 aut
313 2435 417 2496 metuit
428 2437 515 2496 locus
526 2433 584 2507 hic,
598 2450 689 2509 quem
700 2450 762 2494 non
773 2434 866 2509 videt,
874 2433 994 2493 hostem

63 2521 83 2575 lo
123 2513 221 2581 Cessat
234 2519 319 2580 iners
335 2519 434 2594 rigido
451 2525 531 2579 terra
545 2519 651 2578 relicta
666 2517 735 2578 situ.

94 2595 147 2657 lion
159 2599 206 2662 hic
220 2603 387 2679 pampinea
402 2602 501 2663 dulcis
516 2605 588 2664 latet
602 2618 663 2663 uva
677 2601 736 2662 sub
749 2599 865 2674 umbra,

31 2693 32 2704 ¹
123 2681 178 2744 lieo
191 2687 348 2747 cumulant
362 2688 441 2747 altos
457 2688 577 2748 fervida
591 2693 692 2747 musta
706 2687 803 2746 lacus.

92 2762 170 2828 Porna
183 2777 276 2846 negat
289 2771 386 2846 regio.
408 2785 467 2830 nec
481 2771 608 2832 haberet
621 2771 781 2842 Acontius,
796 2769 828 2829 in
843 2783 904 2845 quo

32 2871 33 2928 j
126 2849 273 2915 Scriberet
285 2854 336 2913 hio
350 2855 492 2915 dominae
506 2854 600 2915 verba
615 2855 747 2930 legenda
760 2868 846 2914 suae.

62 2933 82 2985 ii
92 2931 240 3008 lspioeres
255 2937 357 2998 nudos
373 2937 439 2998 sine
454 2938 573 3011 fronde,
590 2939 657 2998 sine
671 2938 791 3012 arbore,
807 2953 950 3015 camposc

33 3019 34 3088 ζ
123 3017 183 3079 lieu
196 3022 267 3082 loca
281 3021 363 3082 fellei
377 3038 440 3082 non
455 3023 599 3083 adeunda
611 3022 694 3082 viro!

33 3099 34 3150 l
92 3097 158 3176 Ergo
170 3111 232 3166 tarn
245 3106 305 3165 late
319 3112 424 3180 puteat
439 3121 508 3166 cum
522 3107 673 3167 maximus
689 3104 783 3180 orbis,

33 3215 34 3238 n
121 3185 200 3247 llaec
215 3196 263 3250 est
277 3189 306 3248 in
323 3205 457 3266 poenam
471 3197 552 3250 terra
565 3197 689 3266 reperta
702 3197 825 3251 meam?

48 3305 123 3413 list
136 3358 200 3432 quis
215 3375 260 3430 es,
276 3360 406 3421 insultes
423 3360 475 3436 qui
490 3361 622 3433 casibus,
638 3361 788 3436 improbe,
802 3359 926 3434 nostris,

119 3437 222 3517 Meque
236 3459 322 3504 reum
338 3445 462 3520 dempto
477 3445 538 3504 line
553 3453 697 3506 cruentus
713 3461 797 3520 agas

91 3517 168 3586 Natus
183 3540 218 3585 es
232 3541 250 3587 e
264 3529 412 3605 scopulis,
428 3529 558 3590 nutritus
573 3530 652 3590 lacte
666 3529 804 3671 scrinei*
