2492 3926
321 259 333 289 ι
442 257 469 298 v.
493 240 648 304 32—107.
992 239 1051 304 341

72 405 108 462 70
121 395 259 457 Adtollat
273 400 363 470 caput
381 399 411 452 at
426 392 508 467 vulgi
522 409 557 454 se
570 395 712 457 -venditet
725 401 839 457 auraet

125 481 253 541 Celsave
272 493 339 538 cum
355 492 448 538 caeso
464 477 647 539 decorantur
660 487 747 556 terga
760 482 860 554 leone,

125 566 220 640 Quam
235 562 368 623 tumidus
386 568 562 637 quantoque
577 565 661 624 venit
676 564 853 640 spectabilis
869 569 947 635 actu,

125 649 351 725 Conpiscatque
367 647 467 707 solnm
483 659 653 721 generasse
669 650 789 710 concita
801 648 893 724 pulsu
1012 679 1053 690 -

123 733 245 809 Ungula
259 729 316 792 sub
332 730 441 807 spoliis
456 731 591 806 graviter
603 733 758 794 redeuntis
775 732 901 808 opimis!

71 825 106 881 75
126 819 208 893 Quae
223 818 290 876 laus
306 815 403 891 prima
419 829 540 890 canum,
558 816 668 890 quibus
690 823 738 878 est
759 816 889 879 audacia
903 829 1053 891 praeceps
1145 819 1147 822 ’

124 900 329 975 venandique
344 915 441 974 sagax
455 898 552 959 virtus
568 901 712 976 viresque
728 900 894 976 sequendi=

126 987 208 1061 Quae
223 999 303 1045 nunc
323 984 410 1045 elatis
426 985 572 1046 rimantur
585 985 709 1046 naribus
725 1000 837 1058 auram,

8 1127 10 1132 .
125 1073 162 1132 Et
175 1085 255 1131 nuuc
271 1069 407 1130 demisso
425 1075 574 1145 quaerunt
589 1070 717 1145 vestigia
731 1076 840 1145 rostro,

125 1157 163 1216 lit
176 1153 310 1232 produnt
324 1155 458 1214 clamore
472 1153 567 1213 leram
583 1155 800 1229 dominumque
815 1151 956 1214 vocando

74 1241 110 1298 80
126 1239 317 1316 increpitant
348 1253 440 1313 quem
457 1237 485 1299 si
500 1238 628 1300 conlatis
644 1238 750 1314 effugit
766 1238 867 1312 armis,

125 1324 297 1400 insequitur
311 1323 508 1397 cumulosque
524 1323 608 1384 canis
625 1338 818 1400 composque
833 1337 888 1398 per
903 1318 1031 1400 omnes.]

167 1409 277 1470 Noster
291 1407 321 1465 in
337 1413 402 1467 arte
415 1407 503 1467 labor
516 1408 646 1482 positus.
676 1423 749 1484 spes
766 1407 865 1468 omnis
880 1405 910 1466 in
926 1405 985 1465 illa.

125 1495 186 1554 Nec
202 1500 303 1553 tamen
319 1491 350 1550 in
364 1490 482 1552 medias
499 1492 644 1567 pelagiae
660 1485 789 1567 pergere
804 1491 896 1550 sedes

125 1577 332 1652 admoneam,
348 1575 490 1650 vastique
505 1577 597 1636 maris
613 1581 762 1651 temptare
775 1574 970 1651 profundum.

73 1675 107 1728 85
124 1663 203 1722 lnter
217 1668 378 1736 utrumque
392 1660 451 1719 loci
466 1659 574 1722 melius
591 1659 792 1722 moderabere
806 1659 929 1719 linum...

97 1777 99 1782 ·
124 1752 245 1823 Aspera
257 1761 329 1806 num
346 1745 430 1804 saxis
445 1744 514 1803 loca
530 1746 620 1806 sint...
635 1761 705 1804 nam
719 1744 790 1804 talia
804 1746 902 1804 lentos

125 1834 303 1908 Deposcunt
317 1829 462 1889 calamos.
492 1836 523 1890 at
537 1846 647 1906 purum
662 1829 737 1889 retia
751 1829 852 1890 litus...

125 1917 202 1976 Num
217 1929 306 1975 mons
322 1912 481 1975 horrentes
497 1913 632 1975 demittat
646 1913 758 1975 celsior
774 1911 897 1974 umbras

126 2001 158 2060 ln
175 2014 287 2060 mare...
302 2015 373 2059 nam
388 1999 472 2058 varie
487 1998 610 2074 quidam
625 1998 804 2074 fugiuntque
819 2000 1013 2074 petuntque...

75 2094 110 2148 90
124 2083 202 2145 Num
215 2084 297 2145 vada
312 2083 449 2143 subnatis
469 2083 530 2144 imo
545 2083 713 2144 viridentur
726 2083 765 2143 ab
779 2082 892 2158 herbiS,

128 2168 325 2242 oblectatque
341 2183 442 2228 moras
456 2174 486 2228 et
500 2169 600 2229 mollis
617 2167 727 2228 vestiat
741 2166 820 2242 alga.

126 2251 297 2329 Descripsit
310 2252 404 2312 sedes
420 2252 504 2312 varie
521 2260 629 2314 natura
644 2252 797 2327 prolundi,

126 2339 189 2398 Nec
206 2342 331 2398 cunctos
345 2352 407 2397 una
422 2336 518 2396 voluit
532 2338 701 2398 consistere
718 2338 830 2412 pisces.

127 2421 202 2482 Nam
217 2422 352 2496 gaudent
364 2421 490 2496 pelago,
508 2421 615 2496 quales
631 2420 825 2495 scombrique
839 2419 1007 2492 bovesque,

77 2509 112 2565 95
126 2504 255 2582 Hippuri
271 2506 397 2580 celeres,
415 2513 444 2567 et
458 2504 545 2580 nigro
563 2512 684 2581 tergore
700 2504 762 2580 iuli,

126 2591 164 2652 Et
179 2590 333 2667 pretiosus
349 2590 454 2666 elops,
469 2591 583 2651 nostris
598 2590 769 2665 incognitus
785 2587 883 2662 undis,

126 2677 173 2736 Ac
188 2675 282 2736 durus
296 2673 435 2750 xiphias,
453 2673 514 2734 ictu
529 2690 589 2735 uon
604 2674 705 2737 mitior
719 2673 811 2749 ensis,

127 2759 166 2820 Et
179 2758 284 2835 pavidi
298 2774 410 2834 magno
426 2758 576 2834 fugientes
592 2761 713 2836 agmine
725 2756 841 2830 thamni,

129 2843 226 2904 Parva
237 2842 411 2904 echeneis...
424 2849 455 2902 at
466 2850 522 2917 est,
534 2842 650 2918 mirum,
664 2859 751 2903 mora
756 2841 911 2919 puppibus
921 2839 1057 2913 ingens...

66 2930 116 2984 100
129 2930 252 3003 Tuque,
269 2942 372 2988 comes
388 2927 498 2989 ratium
513 2927 660 3002 tractique
675 2943 732 3004 per
746 2941 883 3004 aequora
897 2922 982 2998 sulci,

129 3011 184 3088 Qui
200 3027 322 3088 semper
341 3027 467 3088 spumas
484 3011 640 3086 sequeris,
656 3011 806 3088 pompile,
821 3010 960 3081 nitentes,

129 3097 341 3176 cercyrosque
357 3097 460 3168 ferox,
477 3098 674 3172 scopulorum
689 3096 750 3156 fine
764 3100 907 3168 moratus,

129 3181 297 3242 cantharus
312 3182 449 3255 ingratus
465 3196 556 3254 suco,
574 3188 635 3242 tum
649 3179 796 3241 concolor
811 3178 853 3238 illi

130 3264 261 3342 Orphus,
277 3265 480 3340 caeruleaque
494 3265 608 3326 rubens
623 3263 782 3343 crytlrinus
797 3263 827 3323 in
843 3260 931 3334 unda,

1 3427 2 3430 Ἴ
65 3361 116 3414 105
131 3349 263 3426 Insignis
279 3364 452 3426 sargusqua
466 3349 562 3421 notis,
579 3348 707 3425 insignis
722 3354 753 3409 et
767 3347 834 3419 alis,

127 3433 166 3496 m
179 3449 272 3510 super
289 3440 395 3495 aurata
415 3433 559 3510 sparulus
574 3433 695 3493 cervice
709 3432 872 3506 refulgens,

128 3519 167 3580 Et
180 3517 287 3580 rutilus
305 3519 437 3594 phager,
454 3524 483 3577 et
497 3516 570 3578 lulvi
587 3517 787 3593 synodontes,
803 3522 832 3575 et
847 3530 886 3574 ex
900 3528 935 3573 se
