2394 3940
184 252 239 316 158
569 249 629 310 EX
651 247 801 310 ΡΟΝΤΟ

264 404 365 464 Gratia
380 405 406 463 si
421 403 503 464 nulla
519 412 573 480 cst,
596 403 739 462 lacrimae
755 401 806 460 titi
822 401 919 476 gratia
933 401 1020 462 lient.

204 497 251 552 totl
302 488 367 548 Hac
382 494 481 563 potes,
505 493 555 546 aut
569 488 659 562 nulla,
683 494 769 562 parte
783 499 909 546 provere
925 484 1016 546 deos.

263 571 346 645 Quae
360 571 412 631 tibi
429 588 467 630 ne
483 571 592 646 desint,
616 570 694 630 bene
709 586 765 646 per
778 569 857 628 mala
872 576 979 630 nostra
994 577 1130 630 cavetur:

302 655 415 731 Meque
430 656 495 714 viro
512 653 607 715 llendi
623 655 713 729 copia
728 654 815 712 diues
831 655 929 714 adest.

262 741 362 815 thue
376 753 466 799 meae
478 753 528 798 res
545 746 623 812 sunt,
648 738 738 813 omni,
760 745 844 812 puto,
866 745 1007 812 tempore
1023 737 1122 797 flebis.

303 824 365 884 Has
382 825 503 883 lortuna
518 821 570 882 tibi
586 829 690 882 nostra
706 821 855 882 ministret
870 836 958 895 opes.

205 917 251 967 105
264 906 295 967 Si
311 922 379 967 mea
393 922 476 968 mors
491 906 668 966 redimenda
683 912 764 966 tua...
781 906 865 981 quod
881 905 1076 964 abominor...
1092 915 1168 978 esset

304 991 427 1051 Admeti
443 990 584 1062 coniunx,
605 1007 694 1064 quam
710 991 895 1066 sequereris,
920 997 994 1050 erat.

263 1075 392 1134 Aemula
404 1074 575 1150 Penelopes
591 1073 691 1148 fieres,
715 1075 741 1134 si
756 1074 864 1134 fraude
879 1074 993 1148 pudica

305 1158 446 1219 Instantis
460 1159 557 1217 vcllcs
574 1158 679 1218 lallare
693 1165 787 1234 nupta
804 1173 927 1234 procos.

265 1241 296 1302 Si
314 1257 417 1302 comos
434 1242 557 1302 extincti
572 1257 677 1301 manes
692 1257 858 1316 sequerere
873 1241 979 1313 mariti,

204 1345 252 1397 110
304 1325 396 1386 Esset
411 1326 473 1386 dux
489 1324 558 1385 laeti
573 1325 738 1386 Laodamia
753 1325 805 1385 tui.

261 1409 366 1485 lplrias
382 1415 450 1469 ante
466 1411 573 1470 oculos
587 1408 640 1470 tibi
656 1415 721 1469 erat
734 1409 887 1486 ponenda,
910 1410 1027 1468 volenti

305 1494 421 1568 Corpus
436 1493 467 1552 in
482 1509 632 1553 accensos
646 1493 762 1552 mittere
778 1493 854 1553 lone
868 1508 973 1568 rogos.

262 1577 359 1639 Morte
375 1577 447 1637 nillil
464 1592 542 1655 opus
558 1584 612 1651 est,
636 1576 709 1636 nihil
723 1577 884 1638 Icariotide
897 1575 968 1636 tela,

304 1661 445 1722 Caesaris
461 1669 508 1722 cst
522 1661 654 1722 coniunx
673 1676 726 1721 ore
740 1662 897 1737 precanda
910 1667 973 1738 tuo,

202 1761 250 1813 115
264 1746 345 1820 Quae
360 1752 496 1820 praestat
510 1746 618 1806 virtute
633 1762 699 1821 sua,
721 1760 760 1804 ne
775 1745 878 1821 prisca
894 1753 1036 1809 vetustas
1076 1815 1077 1820 γ

305 1830 411 1889 Laude
427 1829 590 1906 pudicitiae
605 1829 729 1890 saecula
746 1837 851 1890 nostra
866 1839 993 1904 premat.

264 1913 348 1988 Quae
362 1914 492 1973 Veneris
508 1915 644 1986 sormam,
664 1928 766 1974 mores
781 1913 906 1974 lunonis
920 1913 1068 1976 habendo

306 1996 379 2057 Sola
394 2005 441 2058 est
457 1998 580 2060 caelesti
596 1998 686 2074 digna
700 2003 823 2073 repertu
837 2005 914 2058 toro.

264 2080 341 2155 Quid
357 2081 492 2155 trepidas
508 2089 538 2141 et
551 2081 635 2155 adire
650 2082 760 2142 times?
780 2098 841 2142 non
856 2082 950 2158 impia
962 2083 1082 2144 Procne

201 2177 252 2229 120
304 2163 419 2222 Filiave
433 2165 548 2224 Aeetae
563 2179 642 2224 uoce
657 2165 810 2226 movenda
825 2173 874 2226 tua
890 2173 952 2226 est:

262 2247 324 2306 Nec
338 2263 431 2307 nurus
446 2249 589 2324 Aegypti,
608 2265 668 2309 ,nec
684 2265 778 2310 saeva
792 2251 1036 2324 Agamemnonis
1051 2267 1130 2322 uxor,

304 2329 480 2408 Scyllaque,
504 2347 582 2407 quae
598 2331 717 2394 Siculas
732 2333 855 2408 inguine
870 2342 963 2396 terret
977 2353 1092 2412 aquas:

262 2415 446 2491 Telegonive
461 2430 573 2492 parens
590 2417 743 2479 vertendis
758 2424 828 2478 nata
842 2417 959 2494 liguris,

301 2499 447 2574 Naxaquc
462 2501 599 2562 nodosas
616 2517 714 2577 angue
726 2500 857 2562 Medusa
872 2519 993 2564 comas:

201 2593 250 2647 125
261 2581 386 2644 Femina
402 2585 458 2644 sed
473 2585 627 2662 princeps,
651 2586 680 2645 in
696 2601 756 2660 qua
771 2586 891 2646 loriuna
906 2587 1011 2648 videre

301 2665 341 2726 Se
357 2665 467 2742 probat
481 2674 510 2726 ct
526 2683 637 2728 caecae
652 2671 777 2729 erimina
791 2670 869 2730 falsa
881 2671 962 2731 tulite

263 2749 327 2824 Qua
343 2750 416 2809 nihil
432 2751 461 2809 in
479 2752 568 2812 terris
583 2752 622 2811 ad
637 2752 727 2812 finem
743 2746 820 2814 solis
835 2751 873 2814 ab
891 2764 957 2816 ortu

304 2833 429 2908 Clarius,
450 2842 579 2912 excepto
596 2835 734 2911 Caesare,
757 2839 889 2899 mundus
904 2839 1006 2900 habet.

260 2916 369 2992 Eligito
384 2922 503 2994 tempus
519 2927 670 2996 captatum
685 2937 780 2998 saepe
795 2924 933 2999 rogandi,

198 3007 250 3062 130
302 3001 399 3061 Exeat
415 3005 547 3065 adversa
562 3021 600 3065 ne
614 3013 665 3066 tua
680 3006 768 3066 navis
784 3023 874 3082 aqua.

261 3084 327 3144 Non
343 3101 466 3164 semper
480 3105 585 3150 sacras
602 3090 734 3151 reddunt
749 3092 872 3152 oracula
888 3091 990 3164 sortis,

300 3170 434 3246 Ipsaque
450 3189 510 3236 non
525 3175 606 3235 omni
621 3181 759 3251 ternpore
774 3175 845 3234 lana
862 3181 972 3250 patent.

262 3252 336 3314 cum
351 3262 448 3316 status
463 3259 553 3318 Urbis
569 3259 633 3335 erit,
655 3260 774 3334 qualem
791 3274 872 3319 nunc
890 3273 1024 3333 auguror
1039 3273 1117 3324 essa

300 3339 338 3398 Et
352 3339 452 3400 nullus
467 3341 574 3418 populi
589 3341 746 3404 contrahet
761 3359 815 3403 ora
830 3342 933 3405 dolor:

200 3427 249 3482 135
261 3421 333 3482 Cum
350 3422 459 3485 domus
474 3426 614 3501 Augusti,
638 3427 766 3503 Capitoli
780 3427 1022 3503 morecolenda,

300 3507 400 3581 Laeta,
426 3509 509 3586 quad
526 3516 573 3571 est
588 3519 618 3571 ct
631 3510 678 3582 sit,
701 3512 853 3588 plenaque
867 3511 955 3588 pacis
969 3511 1041 3571 erim
