2450 3932
340 238 392 315 N,
412 239 440 314 2,
463 237 578 314 tic-e,
601 237 653 301 62.

50 394 112 459 ulit
123 391 245 454 veniunt
258 397 375 465 aestus,
398 397 428 451 et
442 406 505 452 nox
520 391 660 451 inmensa
676 389 804 468 videtur,

113 477 269 553 Fessaque
283 476 386 536 iactati
402 476 543 552 corporis
559 491 633 536 ossa
648 474 773 536 dolentt

82 562 136 622 lion
150 559 296 636 equidem
312 558 427 634 dubito,
449 560 521 635 quin
537 559 615 618 haec
630 564 661 619 et
675 565 777 619 cetera
791 559 874 634 fiant,

113 647 228 719 lietque
242 651 312 704 tuus
326 644 436 704 maesti
451 643 541 718 signa
556 642 673 704 doloris
689 659 784 716 umor,

82 729 134 788 llec
147 727 282 788 cruciere
296 728 407 802 minus,
430 743 523 804 quam
539 743 608 788 cum
622 726 768 791 Thebana
783 735 938 790 cruentum

51 819 76 872 tt
114 813 242 872 Hectora
255 811 436 874 Thessalico
451 813 528 873 vidit
542 812 581 872 eb
595 827 655 872 axe
670 813 747 888 rapi.

85 896 149 969 Quid
162 903 263 956 tamen
275 895 347 971 ipse
362 909 480 971 precer,
501 895 617 957 dubito.
653 911 711 956 nec
725 897 829 958 dicere
844 913 981 975 possum,

115 978 259 1040 dilectum
276 995 368 1056 quem
381 986 412 1040 te
429 981 539 1040 mentis
554 979 669 1040 habere
683 978 784 1040 velim.

85 1063 174 1124 iiistis
188 1070 245 1123 est
265 1063 417 1140 indignor,
442 1065 526 1140 quod
542 1081 610 1126 sum
625 1063 679 1125 tibi
694 1079 788 1124 causa
802 1064 937 1127 dolorisa

117 1148 176 1208 Non
191 1154 248 1208 est
273 1154 305 1208 at
318 1148 435 1209 amisso
451 1149 582 1224 coniuge
597 1149 699 1223 digna,
721 1149 815 1209 iores.

56 1232 121 1294 ttiu
132 1246 202 1292 vero
217 1237 270 1292 tua
284 1233 396 1292 damna
410 1233 490 1308 dole,
510 1233 671 1294 mitissima
685 1232 828 1304 coniunx,

117 1315 240 1391 Tempus
257 1323 287 1376 et
301 1333 320 1376 a
333 1317 448 1378 nostris
463 1317 553 1392 exige
569 1316 655 1377 triste
669 1316 767 1391 malis,

87 1396 184 1476 licque
197 1415 284 1460 meos
300 1415 403 1460 casus.
434 1406 482 1461 est
496 1402 648 1476 quaedam
663 1399 740 1461 llere
754 1402 898 1478 voluptas

117 1482 255 1560 Expletur
269 1484 403 1544 lacrimis
419 1485 613 1562 egeriturque
628 1485 726 1546 dolor.

88 1565 173 1642 itque
184 1567 299 1628 utinam
313 1568 447 1644 lugenda
460 1567 514 1629 tibi
529 1584 592 1629 non
607 1569 679 1642 vita,
700 1568 757 1629 sed
771 1577 855 1630 esset

61 1653 84 1706 tt
124 1651 200 1712 Mors
215 1667 292 1724 mea,
312 1659 410 1712 morte
425 1653 509 1714 iores
525 1655 593 1713 sola
606 1653 712 1713 relicta
726 1661 809 1713 meat

89 1730 199 1809 spirius
212 1735 263 1796 hic
279 1744 380 1811 perte
397 1736 510 1812 patrias
527 1737 646 1797 exisset
658 1736 690 1796 in
704 1753 807 1809 auras,

119 1817 307 1896 Sparsissent
321 1821 464 1880 lacrimae
479 1828 607 1897 pectora
621 1827 727 1882 nostra
740 1821 820 1896 piae.

90 1899 282 1980 Supremcque
297 1904 348 1964 die
362 1912 468 1967 notum
483 1904 655 1982 spectantia
673 1906 790 1965 eaelum

119 1988 271 2050 Texissent
285 1989 370 2064 digiti
385 1990 499 2050 lumina
512 1997 619 2050 nostra
632 1989 684 2063 tui,

58 2068 195 2133 cilicinis
208 2073 239 2132 in
253 2074 367 2135 tumulo
384 2073 504 2149 positus
519 2074 666 2134 iacuisset
680 2072 772 2145 avito,

119 2154 262 2232 Tectaque
276 2158 414 2218 nascenti
431 2174 545 2234 corpus
559 2157 687 2218 haberet
700 2158 819 2218 humus.

88 2237 207 2315 lienique
221 2241 294 2302 dum
309 2243 373 2301 vixi
387 2242 454 2302 sine
471 2243 604 2316 crimine,
627 2248 764 2301 mortuus
780 2256 890 2306 essem„

118 2323 174 2384 Nec
187 2341 253 2384 mea
268 2325 420 2401 supplicio
437 2325 498 2385 vita
512 2325 659 2401 pudenda
673 2327 761 2385 foret.

88 2404 127 2465 lle
139 2408 291 2484 misemm,
314 2409 341 2470 si
357 2418 398 2485 tu,
420 2425 490 2470 cum
504 2410 616 2470 diceris
632 2408 731 2468 exulis
744 2423 833 2482 uxor,

58 2499 81 2551 tt
117 2492 229 2553 Averlis
242 2494 345 2554 vultus
362 2501 392 2555 et
405 2494 486 2554 subit
501 2509 557 2554 cra
569 2493 678 2553 rubor!

87 2571 126 2632 lle
139 2576 285 2656 misemm,
308 2578 335 2638 si
349 2584 439 2654 turpe
454 2584 546 2668 putas
561 2576 635 2636 milri
650 2582 747 2652 nupta
760 2575 857 2636 videri

119 2659 164 2718 lle
176 2662 327 2734 misemm,
352 2662 379 2723 si
394 2671 423 2722 te
437 2662 497 2722 iam
512 2662 609 2738 pudet
623 2677 695 2722 esse
709 2668 823 2720 meam!

87 2741 200 2819 Tempus
214 2744 265 2806 ubi
281 2752 330 2807 est
343 2747 427 2821 illud,
451 2763 512 2822 quo
527 2754 557 2807 te
572 2747 686 2806 iactare
701 2745 825 2806 sclebas

120 2827 253 2906 coniuge,
277 2847 336 2892 nec
351 2847 462 2894 nomen
477 2831 672 2892 dissimulare
684 2830 764 2890 viris

58 2911 79 2965 55
87 2908 200 2987 Tempus
213 2915 266 2975 ubi
282 2922 344 2988 est,
368 2932 431 2992 quo
443 2922 512 2976 te...
527 2915 586 2974 nisi
601 2930 662 2974 non
676 2914 725 2973 vis
740 2913 789 2970 illu
806 2911 950 2972 reterrim

119 2994 153 3055 Et
165 2998 230 3070 dici,
251 2999 384 3075 memini,
407 3000 482 3060 iuvit
497 3006 527 3058 et
541 3014 613 3058 esse
628 3002 748 3056 meam?

87 3073 172 3153 thue
186 3081 300 3156 probae
317 3083 442 3160 dignum
457 3089 514 3157 est,
536 3082 618 3143 omni
632 3081 686 3142 tibi
702 3081 774 3140 dote
789 3079 962 3156 placebam

117 3164 249 3226 Addebat
263 3168 346 3227 veris
361 3168 454 3227 multa
470 3166 601 3226 laventis
617 3181 713 3225 amor.

88 3241 144 3318 Nec,
160 3265 246 3322 quern
260 3251 431 3326 praeferres
440 3251 469 3309 ..ζ
484 3251 525 3311 ita
539 3266 591 3310 res
605 3248 660 3310 tibi
675 3265 787 3324 magna
800 3247 966 3309 videbar...

60 3326 81 3380 li
120 3327 267 3410 Quemque
280 3341 366 3396 tuum
380 3335 487 3395 malles
502 3349 583 3406 esse,
606 3334 654 3393 vir
668 3335 744 3394 alter
758 3341 831 3393 emt.

88 3406 157 3472 Nunc
172 3434 295 3494 quoque
309 3436 348 3478 ne
362 3421 484 3496 pudeat,
502 3418 586 3493 quod
601 3417 645 3478 sis
660 3418 733 3478 mihi
747 3423 851 3492 nupta.
872 3421 1004 3490 tuusque

119 3495 178 3558 Non
194 3502 286 3564 debet
300 3503 390 3564 dolor
404 3503 489 3578 hinc,
515 3501 606 3562 debet
623 3502 734 3562 abesse
749 3501 860 3574 pudor.
