2394 3940
327 205 366 279 tl,
390 203 424 278 9,
448 201 589 275 44-10.
611 205 663 270 ³5.

23 371 73 472 ti.
117 406 286 470 naono.

84 490 200 604 Ecquid
215 528 254 588 ab
269 529 440 605 impressae
455 533 621 606 cognoscis
637 532 768 608 imagine
783 549 872 594 cerae

118 613 199 672 Haec
212 611 268 672 tibi
282 612 439 673 Nasonem
453 615 590 675 scribere
606 614 714 691 verba,
730 617 853 676 Meceni

81 697 279 771 Auctorisque
293 697 341 756 sui
356 697 382 757 si
397 713 458 758 non
475 705 523 758 est
538 701 647 760 anulus
663 699 764 772 index,

118 780 281 855 Cognitanc
296 787 344 840 cst
358 787 464 840 nostra
479 781 577 842 littera
591 783 672 843 iacta
685 790 797 843 manui

62 865 126 923 tAn
139 863 190 924 tibi
205 863 343 924 notitiam
358 880 443 925 mora
457 865 605 941 temporis
620 866 709 941 eripit
723 867 840 940 horum,

23 969 24 972 ¹
118 947 175 1007 Nec
188 953 331 1024 repetunt
345 949 426 1008 oculi
442 949 531 1022 signa
544 956 666 1010 vetusta
680 951 744 1010 tuit

84 1029 126 1092 Sis
142 1031 211 1092 iicet
226 1031 339 1092 obiitus
355 1033 468 1108 pariter
481 1047 681 1108 gemmaeque
696 1048 876 1111 manusque,

118 1114 269 1176 disciderit
283 1123 399 1176 tantum
414 1132 453 1176 ne
469 1115 521 1176 tibi
536 1132 610 1178 curu
624 1118 693 1178 mei.

86 1197 168 1271 Quam
182 1207 214 1259 tu
229 1200 280 1260 vel
296 1201 379 1274 longi
399 1199 494 1260 debes
511 1200 703 1262 convictibus
719 1203 796 1276 aevi,

53 1295 76 1347 tt
118 1283 171 1342 Vel
185 1299 254 1344 mco
268 1285 353 1360 quod
368 1285 502 1344 coniunx
519 1301 579 1345 non
596 1285 695 1346 atiena
709 1285 771 1361 tibi,

85 1367 134 1425 Vei
148 1367 271 1441 studiis,
291 1367 401 1442 quibus
420 1384 470 1441 es,
488 1384 578 1443 quam
595 1385 668 1442 nos,
686 1370 855 1444 sapientius
871 1387 957 1445 usus,

119 1451 212 1526 thue
229 1451 333 1524 dccet,
350 1453 433 1512 nuiia
448 1453 546 1512 iactus
567 1467 601 1512 es
618 1455 692 1512 Arte
706 1467 832 1514 nocens.

86 1534 122 1593 tu
135 1534 213 1595 canis
230 1542 355 1595 aeterno
372 1535 519 1610 quicquid
533 1537 668 1597 restabat
684 1536 826 1610 Homero,

120 1617 160 1678 Ne
174 1627 297 1680 careant
314 1635 433 1680 summe
446 1619 556 1680 Troica
568 1619 655 1702 belia
663 1635 764 1682 manu.

52 1707 75 1759 tt
86 1701 157 1762 Naso
173 1718 277 1777 parum
292 1704 446 1779 prudens,
465 1711 561 1764 anem
576 1703 647 1764 dum
663 1704 754 1765 tradit
771 1703 901 1777 amandi,

121 1786 275 1847 Doctrinae
291 1789 420 1863 pretium
435 1787 520 1848 triste
535 1787 679 1862 magister
695 1786 795 1847 habet.

87 1867 155 1930 Sunt
165 1875 263 1930 tamen
280 1871 358 1930 inter
371 1886 406 1931 se
421 1871 593 1931 communia
609 1885 698 1930 sacra
712 1871 822 1946 poetis,

122 1953 275 2015 Diversum
291 1956 432 2030 quamvis
448 1954 580 2028 quisque
597 1969 762 2028 sequamur
776 1955 841 2014 iter.

87 2036 204 2110 Quorum
215 2045 245 2097 te
256 2053 429 2112 memorem,
444 2053 628 2112 quamquam
641 2038 747 2113 procul
758 2037 914 2112 absumus,
931 2052 1001 2098 esse

50 2131 75 2184 io
120 2119 276 2196 Suspicor,
292 2128 324 2181 et
338 2137 430 2183 casus
453 2123 530 2181 veile
545 2123 647 2181 kvare
662 2137 759 2184 meos.

86 2204 121 2265 ie
137 2204 209 2265 duce
225 2205 404 2280 magnificus
420 2205 515 2266 Asiae
530 2206 745 2281 perspeximus
761 2205 868 2266 croese

119 2287 266 2349 Trinacris
287 2296 334 2349 est
351 2290 449 2350 oculis
464 2297 493 2349 te
508 2289 587 2348 duce
602 2297 674 2350 nota
687 2291 774 2350 meis.

86 2372 211 2433 Vidimus
225 2373 364 2434 Aetnaea
379 2375 497 2434 caelum
514 2372 732 2450 splendescere
749 2371 881 2443 flamma,

119 2455 299 2532 Subpositus
314 2457 409 2518 monti
429 2474 520 2531 quam
535 2456 630 2517 vomit
645 2471 699 2516 ore
713 2457 837 2530 gigans:

51 2537 296 2615 itHennaeosque
313 2543 398 2601 lacus
415 2549 445 2602 et
461 2540 572 2601 olentis
587 2547 696 2614 stagna
709 2539 809 2610 Palici,

121 2623 241 2700 Quaque
257 2625 323 2684 suis
340 2619 464 2701 Cyanen
484 2624 592 2684 miscet
606 2625 735 2698 Anapus
751 2622 850 2697 aquis.

86 2705 137 2766 Nec
151 2709 258 2782 procul
275 2707 347 2766 hinc
362 2707 498 2786 nympha
518 2713 581 2779 est,
599 2722 691 2780 quae,
718 2706 791 2766 dum
811 2705 887 2778 fugit
904 2703 1001 2765 Elidis

668 2805 796 2862 amnem,

118 2875 204 2934 Tecta
218 2875 277 2936 sub
292 2888 449 2950 aequorea
462 2890 542 2935 nunc
559 2887 684 2949 quoque
699 2874 791 2933 currit
805 2888 896 2946 aqua.

84 2954 129 3016 Hic
141 2959 212 3018 mihi
232 2957 364 3018 labentis
383 2974 455 3032 pars
474 2957 544 3018 anni
559 2971 671 3032 niagno
685 2965 810 3030 peracta
824 2964 880 3016 est.

54 3043 77 3098 to
118 3040 214 3102 Eheu!
232 3058 326 3117 quam
341 3041 447 3116 dispar
460 3049 508 3102 est
523 3043 609 3102 iocus
624 3041 674 3100 iile
690 3039 787 3100 Getis!

23 3165 25 3198 ,
83 3120 113 3182 Et
126 3133 215 3200 quota
231 3142 306 3202 pars
321 3126 399 3185 haec
415 3133 485 3187 sunt
498 3141 615 3196 rerum,
634 3139 712 3198 quas
726 3125 859 3184 vidimus
876 3123 974 3198 ambo,

23 3199 25 3282 ξ
116 3207 153 3268 Te
166 3209 239 3269 mihi
254 3210 405 3270 iucundas
422 3209 574 3270 efficiente
589 3207 672 3268 vias!

85 3288 136 3352 Seu
148 3300 210 3353 rate
229 3294 389 3354 caeruleas
406 3294 487 3382 picta
502 3291 688 3354 sulcavimus
704 3291 812 3366 undas

117 3375 233 3438 Essedo
250 3393 309 3438 nos
325 3376 396 3451 agili
412 3377 478 3436 sive
493 3377 589 3437 tulere
604 3384 686 3436 rota:

51 3455 168 3536 aeaepe
180 3461 286 3522 brevis
301 3461 396 3524 nobis.
406 3460 524 3520 vicibus
541 3460 593 3520 via
607 3460 675 3520 visa
688 3458 848 3534 loquendi:
