2372 3928
379 187 421 261 11,
442 185 620 250 aaa—397.
943 185 1003 251 231

42 355 77 410 nto
120 344 212 416 lnque
226 357 285 402 suo
301 346 407 402 noster
422 341 549 414 pulvere
565 346 665 400 currat
680 355 790 414 equus.

88 424 240 500 cornipedi
253 423 359 486 Fauno
375 438 467 483 caesa
482 423 622 484 demere
637 424 755 498 capella

118 509 205 569 Venit
218 509 259 568 ad
275 508 403 582 exigrias
418 505 507 568 turba
521 513 629 568 vocata
644 509 750 582 dapes.

89 596 216 668 Dumque
231 592 411 652 sacerdotes
428 589 552 651 veribus
566 597 703 652 uansuta
718 589 846 667 salignis

120 677 194 736 Exta
207 682 332 752 parant,
348 674 466 734 medias
480 675 548 734 sole
562 681 684 735 tenente
698 676 774 748 vias,

44 768 79 823 iio
89 760 225 823 Romulus
240 765 272 820 et
285 757 616 832 irater‘pastoralisque
631 759 773 822 iuventus

123 842 241 904 Solibus
257 850 288 902 et
302 858 411 917 campo
428 857 560 916 corpora
574 843 657 902 nuda
673 842 794 902 dabant.

90 926 236 989 Caestibus
252 934 283 988 et
295 926 403 987 iaculis
419 933 448 985 et
462 925 558 986 misse
575 926 710 1000 pondere
726 928 793 1006 saxi

121 1011 267 1070 Bracchia
282 1025 338 1085 per
351 1012 439 1070 lusus
454 1009 642 1084 experienda
657 1010 784 1070 dabant:

90 1094 182 1154 Pastor
196 1093 235 1156 ab
251 1095 377 1154 excelso
392 1093 462 1152 ‘Per
476 1093 566 1153 detis
580 1109 651 1153 rurs
665 1094 813 1156 iuvencos

46 1190 81 1246 tto
121 1178 261 1252 Romule,
277 1179 466 1256 praedones,
481 1184 511 1236 et
523 1177 645 1238 Remet’
661 1177 738 1238 dixit
752 1181 878 1253 ‘agunt’

90 1262 213 1338 Longum
228 1269 293 1322 erat
307 1262 425 1321 armari.
455 1261 587 1321 diversis
601 1263 664 1322 exit
678 1268 806 1337 uterque

122 1345 268 1406 Partibus.
298 1361 431 1406 occursu
446 1345 562 1420 praeda
574 1352 700 1420 recepta
713 1346 810 1408 Remi.

90 1429 121 1490 Ut
131 1430 230 1505 rediit,
245 1429 370 1490 veribus
385 1429 542 1489 stridentia
557 1429 687 1489 detrahit
701 1437 780 1503 exta,

123 1516 219 1589 Atque
233 1514 275 1574 ait
289 1513 385 1572 ‘llaec
400 1519 481 1573 certe
496 1529 556 1573 non
573 1513 632 1572 nisi
646 1514 745 1573 victor
760 1513 851 1575 edet.’

47 1605 81 1661 ito
92 1597 166 1658 Dicta
179 1599 265 1673 lacit,
279 1597 427 1672 Fabiique
442 1597 539 1657 simul.
568 1596 661 1657 Venit
674 1597 781 1658 inritus
796 1598 868 1659 illuc

121 1683 280 1757 Romulus,
296 1689 326 1742 et
339 1697 464 1741 mensas
480 1696 616 1755 ossaque
632 1682 714 1742 nuda
729 1681 820 1742 videt.

90 1765 168 1840 Risit,
183 1773 212 1826 et
226 1765 354 1825 indoluit
366 1765 480 1826 Fabios
496 1765 635 1840 potuisse
651 1767 842 1841 Remumque

124 1850 264 1925 Vincere,
281 1850 441 1924 Quintilios
456 1866 518 1910 non
533 1850 671 1924 potuisse
686 1865 771 1909 suos.

92 1932 170 1994 Fama
183 1942 285 1994 manet
298 1934 379 1994 lacti.
408 1932 510 2010 posito
527 1933 675 1992 velamine
690 1941 821 2006 currunt,

49 2017 83 2075 lio
124 2017 158 2076 Rt
169 2033 333 2078 memorem
348 2019 460 2078 lamam
476 2017 558 2092 quod
573 2017 651 2077 bene
667 2017 775 2091 cessit,
797 2017 898 2078 habet.

90 2099 212 2161 Forsitan
229 2108 259 2162 et
274 2117 423 2176 quaeras,
441 2118 496 2162 cur
510 2102 550 2161 sit
564 2103 651 2162 locus
666 2101 716 2160 ille
731 2101 891 2177 Lupercal,

125 2183 240 2258 Quaeve
255 2187 337 2246 diem
352 2185 403 2246 lali
419 2185 540 2245 nomine
560 2201 655 2245 causa
669 2192 767 2260 notet,

92 2267 171 2330 Silvia
183 2271 319 2332 Vestalis
334 2270 480 2330 caelestia
494 2269 611 2330 semina
626 2275 715 2344 partu

123 2352 275 2426 Rdidcrat,
291 2361 401 2431 patruo
417 2367 511 2427 regna
526 2359 648 2414 tenente
663 2368 729 2412 suo.

48 2433 81 2488 Ro
91 2433 115 2494 ls
129 2437 203 2498 iubet
216 2439 327 2498 aulsrri
344 2453 457 2514 parvos
475 2445 505 2497 et
518 2437 548 2496 in
564 2452 652 2498 amne
668 2437 780 2496 necari.

126 2519 194 2594 outo
209 2523 308 2583 facist
336 2537 376 2582 ex
391 2522 459 2582 istis
474 2523 624 2582 Remulus
638 2523 714 2580 alter
728 2520 799 2579 erit!

91 2602 166 2665 lussa
178 2613 357 2667 recusantes
373 2614 522 2682 peragunt
535 2605 698 2666 lacrimosa
712 2603 850 2677 ministri,

124 2687 202 2750 loen
214 2697 329 2762 tamen,
348 2696 378 2750 et
392 2690 531 2766 geminos
547 2691 576 2749 ln
591 2690 660 2750 loca
674 2689 759 2748 iussa
774 2689 883 2748 ierunt.

90 2770 198 2846 Albula,
216 2789 307 2850 quem
320 2774 449 2834 Tiberim
466 2789 586 2834 mersus
598 2773 757 2833 Tiberinus
772 2773 801 2831 in
817 2771 908 2832 undis

48 2859 82 2914 ao
126 2857 276 2931 Reddidit,
292 2857 427 2918 hibernis
443 2859 521 2918 sorte
534 2856 670 2917 tumebat
686 2857 786 2932 aquis.
884 2913 885 2916 ,

21 3005 22 3008 ¹
90 2936 147 3014 Hic,
160 2941 209 3001 ubi
224 2959 305 3002 nunc
320 2943 387 3002 lora
403 2949 487 3017 sunt,
506 2943 610 3001 lintres
626 2957 729 3002 errare
744 2941 878 3013 videreS,

21 3073 22 3086 .
122 3022 239 3100 Quaque
254 3027 356 3086 iacent
370 3027 482 3100 valles,
497 3026 630 3085 Maxime
642 3025 742 3100 Circe,
757 3033 837 3085 tuae.

21 3109 22 3114 ’
89 3103 142 3166 lluc
156 3109 205 3170 ubi
221 3117 417 3184 venerunt,...
433 3109 628 3184 nequeenim
643 3109 813 3184 procedere
830 3113 961 3183 possunt

120 3191 278 3270 Longius...
293 3210 332 3254 ex
347 3195 407 3254 illis
423 3211 501 3255 unus
518 3199 547 3252 et
562 3194 637 3252 alter
652 3193 706 3252 uil=

21 3321 22 3330 .
46 3272 81 3328 ili
92 3272 134 3334 ‘At
147 3293 233 3352 quam
251 3285 322 3338 suut
337 3279 466 3338 similes!
496 3285 633 3352 atquem
649 3280 803 3338 formosus
821 3282 964 3348 uterque!

21 3413 22 3434 ,
44 3433 48 3440 Ι
118 3357 182 3420 Plus
197 3368 297 3422 amen
314 3377 353 3422 ex
368 3363 427 3422 illis
442 3363 500 3422 iste
514 3361 629 3436 vigoris
645 3360 746 3420 habet.

21 3441 22 3452 ’
88 3437 113 3498 Si
126 3457 218 3516 genus
233 3447 370 3522 arguitur
384 3446 480 3521 voltu,
497 3445 554 3505 nisi
573 3444 647 3504 tellit
663 3445 775 3521 imago,

21 3755 23 3828 l
