2394 3940
329 231 359 304 1,
380 229 417 306 8,
437 227 558 305 21—9,
578 227 629 296 19.
928 232 988 302 tot

63 386 117 448 Nec
130 383 264 448 dubitem
277 384 379 460 longis
395 399 527 461 purgare
541 381 694 459 ligonibus
709 384 831 462 herbas,

32 481 57 535 ιι
100 469 136 530 Et
150 468 223 530 dare
237 469 299 530 iam
313 468 420 529 sitiens
437 484 516 544 quas
530 467 745 544 ibethanius,
768 485 878 547 aquas.
920 541 923 548 ⁴

62 553 143 614 Unde
156 553 214 614 sed
227 552 289 616 hoo
303 551 403 624 nobis,
424 553 579 615 unanimum
593 568 673 628 quos
688 553 767 616 iuter
782 561 812 616 et
825 553 946 616 hostem

96 636 264 700 Discrimen
276 653 383 699 marus
399 638 566 712 densaque
580 644 670 713 porta
684 639 776 701 iacit!

63 723 97 782 nt
108 721 161 783 tibi
175 721 324 797 nascenti,
348 721 434 798 quod
447 728 511 784 toto
528 728 653 797 pectore
667 725 774 798 laetor,

96 806 207 866 Nerunt
219 806 330 868 fatales
343 806 435 867 tortia
448 805 500 868 bia
514 805 602 866 duae.

32 891 102 953 iiie
114 891 205 951 modo
221 890 470 966 conquerebar,
491 890 589 952 densa
603 891 695 952 modo
718 892 853 967 porticus
867 893 989 953 umbras

98 974 189 1051 Nunc,
210 975 241 1034 in
256 991 320 1048 quo
335 976 426 1051 ponis
440 982 673 1051 temporaneus,
695 978 804 1039 iorum.

63 1057 177 1120 Umbria
190 1076 272 1122 nunc
286 1067 421 1131 revocat,
444 1075 502 1120 nec
516 1075 577 1122 non
591 1059 712 1122 Albana
725 1067 876 1137 petentem

98 1143 197 1220 Appia
209 1143 340 1205 ferventi
352 1144 438 1208 ducit
448 1145 482 1206 in
496 1156 572 1205 arva
585 1150 661 1207 rota.

63 1224 192 1289 Forsitan
211 1228 261 1288 hie
274 1235 376 1305 optes,
394 1235 429 1290 ui
440 1229 552 1292 iustam
566 1229 738 1306 supprimat
750 1230 826 1290 iram

35 1315 60 1370 ιι
103 1310 223 1389 caesar,
244 1319 276 1374 et
288 1312 455 1390 hospitium
469 1315 508 1375 sit
521 1321 574 1376 tua
590 1314 661 1375 villa
674 1329 784 1376 meum

65 1395 99 1454 A!
121 1396 243 1458 nimium
257 1404 314 1473 est,
333 1397 430 1474 quod,
452 1398 565 1471 amice,
585 1398 675 1474 petis.
707 1399 894 1461 moderatius
909 1404 990 1474 opta.

98 1478 134 1540 Ει
149 1481 209 1543 voti
224 1497 343 1557 quaeso
359 1481 505 1544 contrahe
518 1481 589 1542 vela
602 1480 656 1544 tui.

66 1563 148 1623 Terra
161 1566 253 1626 veiim
268 1567 395 1643 propior
408 1565 543 1641 nuliique
558 1565 693 1628 obnoxia
706 1565 788 1628 beiio
864 1627 866 1630 .

100 1649 199 1710 Detur.
234 1650 418 1744 oritouostris
434 1665 506 1726 pars
522 1650 604 1712 bona
618 1651 742 1727 dempta
756 1649 854 1711 malis.

30 1829 59 1924 i.
104 1867 300 1930 nnxrno.

70 1946 149 2053 Quae
161 1987 233 2046 mihi
248 1987 289 2048 de
303 1993 390 2064 rapto
407 1993 458 2048 tua
471 1986 554 2047 venit
569 1986 701 2062 epistola
715 1986 813 2061 Celso,

104 2069 238 2134 Protinus
254 2079 304 2132 est
316 2071 447 2132 lacrimis
462 2071 566 2134 umida
581 2071 660 2132 iacta
674 2070 761 2132 meis.

72 2151 210 2230 Quodque
223 2156 313 2218 naias
328 2156 420 2232 dictu,
442 2155 510 2216 fieri
524 2169 581 2216 nec
597 2171 692 2232 posse
706 2155 822 2232 putavi,

105 2238 204 2301 Invitis
221 2241 318 2302 ocuiis
333 2241 432 2301 littera
446 2241 525 2300 lecta
538 2247 590 2300 tua
604 2247 660 2300 est.

46 2319 122 2380 oNec
136 2323 299 2399 quicquam
314 2324 490 2386 adnostros
507 2324 647 2401 pervenit
660 2323 800 2386 acerbius
815 2339 907 2388 aures

102 2406 139 2467 Ut
153 2423 258 2470 sumus
273 2406 305 2468 in
319 2408 424 2484 Ponto,
445 2408 665 2484 perveniatque
679 2423 798 2482 precor.

68 2489 139 2550 Ante
153 2507 240 2554 meos
256 2492 364 2554 oculos
378 2500 533 2568 tamquam
549 2491 721 2568 praesentis
737 2491 836 2566 imago

101 2575 219 2653 Haeret,
238 2586 271 2638 et
284 2578 449 2638 extinctum
465 2577 571 2638 vivere
584 2575 672 2651 fingit
685 2589 780 2636 emor.

68 2656 162 2734 Saepe
176 2662 268 2722 reiert
281 2662 401 2724 animus
416 2665 502 2724 lusus
517 2660 666 2737 gravitate
681 2666 829 2733 carentes,

33 2749 56 2801 io
102 2742 188 2804 Seria
203 2761 273 2807 eum
286 2746 403 2822 liquida
418 2763 514 2822 saepe
530 2753 655 2823 peracta
669 2745 741 2806 fide.

65 2826 146 2888 Nulla
161 2836 261 2891 tamen
276 2830 407 2893 subeunt
421 2831 493 2892 mihi
508 2838 646 2906 tempora
660 2830 787 2890 densius
802 2827 871 2902 illis,

9 2975 11 2986 ,
104 2911 188 2986 Quae
200 2915 312 2976 veliem
326 2916 408 2976 vitae
422 2929 540 2978 summa
554 2915 651 2978 fuisse
665 2929 761 2986 meae,

9 2991 11 3060 t
64 2997 129 3056 Cum
145 2999 255 3061 domus
270 2999 384 3076 ingenti
399 3000 501 3062 subito
516 3014 585 3059 mea
599 2999 687 3074 lapsa
700 2997 790 3058 ruina

10 3077 11 3094 ¹
96 3081 234 3145 Concidit
247 3085 279 3144 in
294 3083 409 3145 domini
424 3082 650 3162 procubuitque
664 3087 766 3158 caput.

32 3171 53 3222 ιι
64 3163 155 3226 nisan
170 3167 219 3227 iiic
232 3168 314 3244 mihi,
335 3185 404 3229 eum
417 3184 467 3229 me
482 3183 555 3245 pars
570 3181 681 3242 magna
695 3163 825 3242 reliquit,

95 3249 244 3312 Maxime!
269 3253 408 3314 fortunae
423 3268 480 3313 neo
495 3251 550 3312 tuit
564 3251 632 3326 ipse
652 3265 766 3310 comes.

63 3333 146 3394 flium
161 3349 218 3410 ego
234 3353 297 3397 non
314 3336 400 3398 aliter
415 3336 539 3398 iientem
553 3350 622 3394 mea
636 3335 744 3394 funera
758 3332 830 3408 vidi,

98 3417 265 3482 Ponendus
283 3438 374 3498 quam
390 3423 416 3482 si
431 3423 523 3482 irater
542 3419 572 3478 in
587 3418 657 3494 igne
672 3419 759 3478 ieret.

18 3576 26 3593 Α,
64 3503 167 3566 Haesit
181 3504 211 3565 iu
227 3508 371 3583 amplexu
385 3506 625 3580 consolatusque
640 3500 789 3564 iacentem
804 3505 860 3574 est,

15 3616 30 3899 ,ξ
751 3580 791 3646 9,
