2394 3940
396 242 427 286 v.
448 221 627 288 atu-449.

138 375 299 451 Eveniant,
315 383 368 438 aut
381 376 430 438 his
444 393 507 439 non
521 377 640 440 leviora
653 381 751 441 malis.

103 463 196 537 Qualis
210 461 460 524 Achaemenides
476 459 582 524 Sicula
595 463 739 524 desertus
754 465 784 524 in
799 465 909 539 Aetna,

136 546 238 606 Troica
252 560 323 606 eum
337 544 413 604 vidit
425 546 497 606 vela
510 547 625 620 venire,
642 548 713 607 suita

48 640 90 691 lli
104 629 196 702 Qualis
211 635 277 688 erat
291 644 349 688 nee
363 645 425 689 non
441 630 564 692 lurtum
577 629 744 692 binominis
759 632 808 705 lri,

135 713 250 788 Quique
264 719 369 772 tenent
382 719 522 787 pontem,
541 729 622 789 quae
635 713 689 773 tibi
704 715 802 776 maior
817 717 882 778 erit.
980 750 1023 764 -

98 795 180 857 Filius
195 802 225 857 et
239 794 359 856 cereris
374 797 488 857 trustra
500 797 555 857 tibi
570 811 694 872 semper
709 805 834 874 ametur,

132 880 343 952 Destituatque
356 886 426 940 tues
443 895 546 956 usque
561 881 675 956 petitus
691 897 780 956 opes.

97 964 184 1039 thue
199 977 256 1038 per
271 962 406 1023 alternos
420 963 506 1027 unda
520 964 642 1024 labente
657 979 803 1026 recursus

47 1054 90 1108 llo
135 1045 327 1108 Subtrahitur
341 1061 452 1122 presso
467 1047 569 1108 mollis
585 1063 679 1108 arena
694 1048 777 1123 pedi,

98 1129 140 1191 Sie
152 1137 204 1192 tua
218 1130 327 1190 neseio
343 1146 406 1205 qua
420 1145 545 1205 semper
556 1131 678 1191 lonuna
691 1133 852 1208 liquescet,

129 1215 293 1289 Lapsaque
307 1229 364 1289 per
378 1215 495 1276 medias
512 1213 619 1276 effluat
632 1232 735 1291 usque
749 1232 869 1279 manus.

95 1298 184 1373 thue
197 1303 287 1373 pater
302 1297 412 1357 solitae
426 1299 529 1359 varias
545 1303 664 1359 mutare
678 1299 795 1374 figuras

129 1380 237 1440 Plenus
252 1380 420 1441 inextincta
435 1380 604 1442 destituare
619 1383 710 1442 fame.

47 1467 84 1518 lea
96 1465 147 1526 Neo
161 1464 251 1539 dapis
266 1463 418 1524 humanae
432 1465 487 1525 tibi
501 1465 564 1526 sint
577 1466 711 1525 fastidia:
745 1485 870 1543 quaque

127 1548 211 1608 Parte
226 1555 332 1623 potes,
347 1548 474 1626 Tydeus
488 1550 636 1623 temporis
651 1549 743 1611 huius
759 1552 830 1611 eris.

93 1635 183 1708 Atque
197 1631 315 1706 aliquid
330 1632 443 1704 iacias,
459 1648 479 1693 a
494 1647 628 1708 vespere
643 1632 725 1695 Solis
741 1634 882 1695 adortus

128 1716 184 1778 cur
201 1715 350 1776 externati
365 1731 475 1778 rursus
491 1722 621 1792 agantur
635 1718 716 1790 equi.

94 1799 188 1860 Foeda
200 1797 380 1878 Lycaoniae
393 1807 515 1874 repetes
530 1799 675 1860 convivia
687 1815 822 1873 mensae,

45 1893 84 1945 430
128 1882 361 1958 Temptabisque
377 1882 436 1942 uihi
451 1883 556 1943 lallere
569 1883 678 1943 fraude
692 1883 807 1944 lovem.

91 1967 183 2043 Teque
198 1966 311 2041 aliquis
327 1967 429 2041 posito
445 1973 571 2043 temptet
583 1967 644 2026 vim
660 1968 797 2029 numinis
810 1971 900 2042 opto:

125 2050 296 2110 Tantalides
311 2051 417 2123 tusis,
432 2051 642 2126 Tereidesque
657 2067 745 2127 puer.

91 2133 180 2194 llttua
193 2133 239 2194 sie
254 2137 333 2194 latos
350 2141 535 2210 spargantur
548 2133 683 2194 membra
698 2148 870 2210 peragras,

126 2219 288 2292 Tamquam
306 2233 386 2294 quae
400 2218 516 2292 patrias
531 2218 691 2279 detinuere
704 2219 785 2280 vias.

44 2307 81 2364 435
91 2301 163 2361 Aere
175 2300 303 2362 Perilleo
321 2317 413 2361 veros
429 2301 544 2361 imitere
559 2303 718 2376 iuvencos,

123 2385 171 2445 Ad
184 2386 313 2445 formam
331 2385 411 2448 tauri
423 2386 625 2446 conveniente
637 2399 728 2445 sono.

89 2468 180 2542 thue
195 2469 283 2529 ferox
297 2467 451 2541 Phalaris,
468 2469 571 2544 lingua
586 2467 671 2542 prius
687 2483 763 2527 ense
776 2473 904 2540 resecta,

123 2551 208 2612 More
221 2552 313 2613 bovis
327 2551 444 2627 Paphio
460 2554 586 2612 clausus
602 2550 632 2609 in
648 2565 721 2610 aere
734 2565 850 2625 gemas.

88 2633 220 2710 Dunrque
233 2636 335 2695 redire
350 2636 438 2696 voles
453 2635 521 2694 aevi
536 2633 672 2694 melioris
688 2633 718 2693 in
734 2649 843 2708 annos,

42 2721 79 2776 lto
126 2720 163 2780 Ut
177 2727 265 2779 vetus
280 2719 403 2778 Admeti
418 2718 574 2794 decipiare
589 2732 689 2778 socer.

86 2801 180 2877 Atque
196 2817 295 2878 eques
310 2802 340 2861 in
355 2801 447 2862 medii
463 2817 602 2876 mergare
618 2801 766 2877 voragine
781 2799 877 2874 caeni,

121 2886 295 2947 Dummodo
312 2885 374 2948 sint
387 2887 439 2946 lati
455 2885 580 2946 nomina
594 2885 680 2945 nulla
692 2884 746 2944 tui.

83 2968 179 3044 Atque
193 2970 308 3030 utinam
323 2985 448 3044 pereas,
463 2969 557 3028 veluti
573 2969 612 3027 de
628 2968 769 3028 dentibus
786 2967 843 3027 orti

121 3051 249 3113 Sidonia
263 3053 349 3114 iactis
365 3053 456 3113 Greia
471 3068 527 3128 per
540 3067 613 3112 arva
628 3067 730 3112 manu.

41 3133 75 3190 lli
85 3133 118 3194 Et
133 3152 213 3210 quae
227 3135 391 3197 Penthides
406 3137 479 3197 feeit
493 3137 648 3210 fraterque
661 3134 819 3194 Medusae.

117 3219 268 3280 Eveniant
282 3222 373 3296 capiti
388 3227 460 3281 vota
475 3219 598 3279 sinistra
611 3225 682 3278 tuo:

80 3300 113 3361 Et
128 3303 241 3378 quibus
257 3304 369 3379 exiguo
385 3311 434 3364 est
449 3303 583 3364 volueris
599 3303 713 3362 devota
726 3299 841 3374 libello,

118 3386 257 3463 Corpora
271 3388 409 3462 proiecta
423 3402 503 3462 quae
518 3402 576 3446 sua
590 3392 701 3461 purgat
714 3401 804 3459 aqua.

80 3469 212 3531 Vulnera
225 3477 333 3548 totque
348 3473 446 3546 ieras,
463 3477 538 3546 quot
552 3469 661 3530 dieitur
676 3469 727 3528 ille
741 3467 859 3539 tulisse,
