2492 3926
196 187 259 309 rid
575 233 830 299 FASTORUM

277 397 343 456 Lux
359 393 475 455 aderet.
505 404 620 466 quemn
636 387 793 448 solvunta
808 385 912 462 stipite
928 387 1047 447 senemr

320 480 401 540 Ante
414 483 515 536 tarncn
530 474 632 550 posito
647 479 714 532 tura
729 469 845 530 dedere
861 471 942 531 loco.

214 575 265 630 aee
280 563 360 622 Ante
374 565 552 621 coronatam
567 571 702 633 puppem
718 553 785 614 sine
799 553 870 614 labe
884 555 1047 616 iuvencam

319 647 503 718 blacterant,
521 657 649 717 operum
665 638 861 714 coniugiique
876 639 993 699 rudem.

278 733 333 792 Est
347 731 450 803 locus,
467 728 497 786 in
511 725 642 786 Tiberim
657 740 717 799 qua
733 722 867 783 lubricus
882 721 981 782 influit
994 723 1087 784 Alme

317 815 356 875 Et
369 828 479 876 nomen
495 826 606 890 magno
622 809 722 888 perdit
736 805 774 868 ab
790 822 879 870 amne
894 807 1001 873 minor.

282 901 344 963 lilic
360 918 514 980 purpurea
529 915 625 962 canus
641 914 710 962 eum
723 902 812 959 veste
826 897 973 958 sacerdos

216 995 268 1049 340
320 987 459 1050 Almonis
476 986 630 1046 dominam
645 999 797 1058 sacraque
811 982 885 1042 lavit
899 979 999 1058 equis.

280 1072 444 1133 llxululant
458 1070 601 1145 comites,
617 1069 796 1143 furiosaque
810 1066 884 1126 tibia
899 1065 998 1139 fletur,

320 1156 358 1217 Et
373 1156 482 1216 leniunt
496 1155 605 1216 molles
620 1161 725 1214 taurea
738 1158 825 1227 terga
839 1166 957 1211 manus.

282 1239 407 1300 Claudia
421 1238 578 1315 praeeedit
592 1240 672 1298 laeto
690 1235 889 1297 celeberrima
903 1235 994 1306 voltu,

324 1323 443 1384 Credita
458 1323 511 1382 vix
526 1321 648 1382 tandem
663 1327 742 1382 teste
756 1319 869 1396 pudica
883 1319 952 1380 dee.

215 1413 266 1466 345
281 1409 352 1482 lpsa
367 1405 480 1466 sedens
495 1407 633 1482 plaustro
649 1411 737 1482 porta
751 1410 799 1464 est
812 1405 933 1463 invecta
949 1404 1088 1480 Capena:

321 1489 512 1566 Sparguntur
526 1491 646 1550 intactae
661 1488 739 1550 ilorc
753 1494 875 1548 recente
889 1487 998 1549 boves.

280 1574 391 1635 Nasica
404 1574 532 1650 aceepit.
561 1573 665 1650 templi
679 1589 740 1633 non
756 1571 887 1648 perstitit
905 1579 1020 1634 auctor.

319 1661 479 1734 Augustus
496 1675 577 1719 nunc
592 1665 648 1720 est.
678 1665 748 1719 ante
762 1656 903 1718 Metellus
919 1662 1006 1716 erat’
1072 1708 1077 1711 .
1170 1687 1174 1692 =

281 1742 421 1804 Substitit
434 1743 484 1803 hie
499 1743 601 1804 Erato.
631 1758 716 1804 mora
730 1742 778 1812 lit,
794 1740 822 1801 si
836 1747 939 1802 cetera
953 1757 1112 1818 quaeram.

214 1845 265 1896 350
320 1827 400 1887 ‘Dic’
416 1828 539 1904 inquam
554 1832 665 1902 ‘parva
679 1842 733 1886 eur
747 1825 827 1900 stipe
842 1831 969 1900 quaerat
988 1829 1102 1901 opest’

279 1911 424 1972 ‘Contulit
437 1927 490 1972 aes
507 1911 655 1987 populns,
673 1910 712 1970 de
728 1924 788 1984 quo
805 1909 932 1969 delubra
945 1909 1086 1970 Metellus

320 1995 415 2055 Fecit’
432 1996 482 2056 ait.
511 1995 646 2056 ‘dandae
660 2007 728 2055 mos
744 1992 833 2068 stipis
848 1993 921 2053 inde
935 1998 1062 2054 manet!

281 2080 338 2138 Cur
353 2078 473 2139 vicibus
489 2079 576 2138 lactis
591 2080 693 2140 ineant
707 2077 866 2151 convivia,
883 2092 1007 2152 quaere,

319 2161 402 2222 Tune
417 2161 530 2237 magis,
545 2162 675 2224 indictus
691 2161 967 2236 concelebrentque
981 2161 1093 2236 dapes.

214 2255 265 2308 355
281 2245 383 2318 ‘Quod
397 2246 477 2306 bene
491 2245 612 2307 mutarit
626 2246 732 2306 sedem
745 2247 954 2323 Berecyntia)
971 2245 1049 2305 dixit

320 2330 462 2405 ‘captant
477 2330 596 2391 mutetis
610 2329 737 2391 sedibus
752 2345 841 2391 omen
859 2330 963 2390 idem!

279 2415 463 2488 institeram,
482 2430 577 2490 quare
592 2413 681 2490 primi
694 2414 884 2490 Megalensia
899 2415 963 2475 ludi

320 2499 402 2559 Urbe
418 2500 518 2561 ferent
531 2505 645 2560 nostra.
675 2514 743 2559 eum
760 2499 849 2559 dea...
866 2499 964 2560 sensit
977 2497 1095 2557 enim...
1185 2565 1188 2570 ¹

279 2583 347 2642 ‘Illa
363 2583 454 2643 deos’
469 2583 567 2658 inquit
581 2584 721 2659 ‘peperit
752 2598 877 2643 cessere
892 2582 1019 2659 parenti,

214 2681 267 2736 360
319 2666 565 2742 principiumque
581 2667 643 2726 dati
657 2667 754 2728 Mater
767 2667 895 2728 honoris
909 2666 1025 2727 babet!

280 2749 353 2809 ‘Cur
368 2750 459 2824 igitur
474 2750 594 2822 Gallos,
612 2750 665 2825 qui
679 2765 714 2812 se
726 2751 886 2827 excidere,
900 2767 1064 2824 vocamus,

320 2833 392 2892 Cum
408 2840 491 2894 tanto
506 2833 640 2913 Phrygia
656 2834 771 2896 Gallica
787 2835 878 2896 distet
892 2836 1037 2895 humust’

278 2918 383 2976 ‘Inter'
400 2918 441 2978 ait
455 2918 597 2979 ‘viridem
614 2918 748 2996 Cybelen
763 2920 904 2995 altasque
920 2920 1073 2981 Celaenas

318 3000 426 3060 Amnis
442 3002 463 3061 it
477 3003 600 3077 insana,
615 3003 739 3063 nominc
754 3004 875 3078 Gallus,
892 3021 981 3079 aqua.

213 3093 264 3150 365
281 3083 335 3158 Qui
350 3083 425 3144 bibit
439 3086 526 3162 inde,
543 3087 621 3148 furit.
651 3089 758 3163 procul
774 3088 844 3149 hine
859 3088 1024 3164 discedite,
1041 3091 1121 3164 quis
1136 3099 1187 3152 est

320 3167 398 3230 Cura
413 3169 515 3232 bonae
529 3171 647 3232 mentis.
681 3171 732 3246 qui
746 3171 823 3233 bibit
837 3173 926 3248 inde,
942 3170 1037 3233 inrit’

277 3251 357 3313 ‘Non
372 3255 468 3328 pudet
481 3255 661 3316 herbosum’
677 3255 741 3316 dixi
755 3258 915 3332 ‘posuisse
930 3263 1090 3318 moretum

316 3335 350 3396 ln
367 3336 509 3398 dominae
523 3339 649 3401 mensis.
679 3355 717 3401 an
733 3357 790 3401 sua
804 3357 899 3402 cansa
913 3340 1057 3402 subeslv’

277 3420 381 3481 ‘Lacte
396 3438 479 3484 mero
494 3430 614 3484 veteres
628 3420 678 3484 usi
692 3433 898 3487 memorantur
912 3433 942 3486 et
955 3423 1077 3501 herbis,

214 3511 266 3566 tie
320 3503 437 3579 Sponte
453 3523 509 3568 sua
524 3506 630 3582 siquas
645 3514 728 3568 terra
741 3508 870 3570 larebat’
886 3510 937 3570 eit.
