2372 3928
306 232 362 308 ur,
382 231 418 306 a,
441 231 561 309 rto-t,
584 233 613 294 o.

26 383 119 444 Pone
131 391 226 446 metus
241 383 341 459 igitur.
371 383 510 447 mitescet
526 385 666 449 Caesaris
682 387 734 464 ira,

70 469 114 530 Et
126 469 224 529 veniet
240 469 320 530 votis
334 470 456 531 mollior
469 469 546 530 hora
560 471 629 531 tuis.

0 590 6 607 .
23 554 115 614 Neve
128 569 241 614 moram
256 553 380 628 timeae,
401 561 533 630 tempus,
557 555 640 631 quod
657 557 842 633 quaerimus,
866 558 964 629 instet

70 638 246 715 Cunctaque
262 638 394 700 lactitiae
409 640 501 716 plena
515 639 686 715 triumphus
701 640 802 702 habet.

27 726 108 784 Dum
122 725 229 785 domus
244 730 275 783 et
290 723 361 798 uati,
383 724 456 784 dum
470 729 566 784 mater
579 723 666 785 Livia
680 725 802 800 gaudet,

67 809 150 868 Dum
162 808 291 884 gaudes,
313 807 431 883 patriae
445 822 555 882 magne
570 808 721 884 ducisque
737 816 838 884 pater:

27 891 107 951 Dum
122 891 171 952 tibi
185 899 323 967 gratatur
337 893 482 968 populus,
504 898 660 966 totumque
676 909 731 968 per
744 893 857 954 Urbem

4 988 9 1023 t
69 975 172 1037 Omnis
187 975 327 1038 odoratis
342 976 464 1052 ignibus
479 992 532 1036 ara
546 977 632 1052 calet,

29 1059 106 1120 Dum
119 1061 225 1121 iaciles
242 1060 343 1121 aditus
361 1061 489 1137 praebet
503 1059 677 1120 venerabile
693 1063 845 1139 templum,

68 1144 262 1220 Sperandum
277 1151 400 1209 nostras
415 1159 511 1222 posse
526 1145 628 1205 valere
643 1151 775 1222 preces!

30 1229 116 1290 Dixit.
149 1237 179 1290 et
193 1235 245 1290 aut
259 1230 310 1290 ille
325 1237 373 1290 est
386 1237 494 1291 tenues
510 1228 650 1305 dilapsus
664 1229 695 1290 in
709 1246 809 1303 auras,

66 1314 239 1390 Coeperunt
254 1330 367 1376 sensus
382 1322 434 1377 aut
448 1313 573 1389 vigilare
587 1315 657 1374 mei.

0 1419 19 1454 o
31 1396 59 1458 Si
73 1398 219 1474 dubitem,
242 1400 316 1474 quin
330 1399 379 1459 his
396 1399 518 1472 faveas,
541 1397 715 1474 oMaxime,
738 1399 836 1475 diutia,

63 1483 238 1543 Memnonio
255 1498 374 1560 cycnos
390 1499 462 1544 esse
477 1482 581 1543 colore
597 1489 710 1558 putem.

31 1566 87 1626 Sed
103 1581 205 1642 neque
218 1573 352 1629 mutatur
366 1567 453 1642 nigra
468 1568 537 1643 pice
551 1569 668 1627 lacteus
681 1566 800 1640 humor,

65 1651 136 1728 Nec,
159 1653 244 1727 quod
259 1660 325 1712 erat
339 1652 485 1727 candens,
508 1651 543 1712 lit
556 1649 753 1724 terebinthus,
777 1650 862 1712 ebur.

33 1735 220 1797 Conveniens
235 1737 337 1798 animo
354 1752 451 1812 genus
467 1734 592 1797 esttibi.
624 1734 726 1795 nobile
740 1751 873 1810 namque

3 1832 19 1869 τι
65 1820 174 1881 Pectus
190 1828 219 1881 et
232 1821 402 1882 Herculeae
418 1818 619 1898 simplicitatis
634 1818 740 1878 habes.

32 1904 125 1980 livor,
149 1904 231 1966 iners
245 1906 359 1979 vitium,
384 1921 486 1966 mores
502 1919 563 1966 non
580 1903 642 1964 exit
657 1903 687 1962 in
702 1903 790 1977 altos,

66 1991 167 2064 thue
180 1992 284 2052 latens·
294 1991 359 2051 ima
370 1990 476 2066 vipera
491 1988 588 2064 serpit
600 1988 704 2048 humo.

32 2073 111 2134 llens
127 2082 181 2135 tua
196 2075 334 2136 sublimis
352 2090 446 2149 supra
460 2089 558 2149 genus
573 2072 685 2132 eminet
698 2072 809 2147 ipsum,

66 2159 219 2220 Grandius
234 2159 356 2235 ingenio
373 2173 431 2221 nee
445 2158 499 2219 tibi
514 2171 626 2218 nomen
642 2156 730 2216 inest.

2 2241 105 2316 ttDrgo
121 2243 173 2302 alii
186 2251 319 2305 noceant
332 2242 462 2318 miseris,
485 2246 651 2319 optentque
665 2239 771 2314 timeri,

62 2327 229 2402 Tinctaque
243 2328 381 2390 mordaci
396 2327 515 2403 spicula
529 2325 600 2385 lelle
614 2330 730 2400 gerant.

33 2417 129 2470 Attea
144 2412 335 2489 supplicibus
351 2412 462 2474 domus
476 2417 524 2472 est
538 2410 668 2470 adsueta
682 2407 834 2482 iuvandis,

65 2497 95 2554 ln
112 2511 244 2570 quorum
258 2512 386 2558 numero
401 2512 459 2569 me,
483 2509 602 2572 precor,
623 2507 695 2552 esse
709 2490 797 2551 velis.

4 2673 24 2770 i.
65 2713 252 2775 aurine.

33 2793 112 2888 flacc
126 2827 182 2889 tibi
194 2845 256 2899 non
271 2844 383 2888 vanam
398 2830 550 2903 portantia
564 2828 660 2889 verba
675 2829 802 2889 salutem

62 2913 148 2973 Naso
163 2912 320 2973 Tomitana
333 2912 420 2972 mittit
437 2911 475 2972 ab
490 2912 566 2972 urbe
580 2919 661 2987 tuus,

32 2999 126 3072 thue
140 3013 199 3058 suo
215 2997 321 3057 faveas
339 2996 472 3070 mandat,
493 2996 613 3070 Rutine,
637 2997 809 3072 triumphos

63 3083 98 3141 ln
114 3087 234 3142 vestras
250 3082 333 3141 venit
348 3081 375 3140 si
390 3087 489 3140 tannen
505 3080 555 3141 ille
569 3097 689 3142 manus.

5 3137 72 3232 ⁵:tlst
87 3180 170 3243 opus
185 3166 330 3241 exiguum
346 3165 519 3238 vestrisque
535 3164 690 3240 paratibus
706 3165 807 3241 inpar:

6 3241 8 3330 ζ
64 3250 163 3325 Quale
176 3257 276 3310 tamen
292 3264 424 3326 eumque
438 3255 494 3322 est,
518 3256 550 3308 ut
562 3255 675 3322 tueare,
697 3264 784 3325 rogo.

6 3349 9 3442 Ἰ
31 3333 121 3394 Firma
134 3333 241 3393 valent
254 3349 370 3412 perse,
392 3333 570 3408 nullunque
583 3332 756 3393 Machaona
771 3337 931 3409 quaerunt.

7 3445 9 3454 ¹
60 3419 113 3480 Ad
127 3418 280 3478 medicam
296 3417 407 3479 dubius
423 3416 559 3492 confugit
573 3431 666 3492 aeger
689 3431 790 3494 opem,

32 3501 87 3563 lon
104 3518 186 3580 opus
202 3510 249 3564 est
263 3501 382 3577 magnis
398 3501 521 3577 placido
537 3501 651 3563 lectore
667 3503 781 3577 poetis=
