2394 3940
302 231 353 307 ill,
374 230 404 307 2,
427 231 545 311 et—a‘
563 233 614 296 44.

53 384 156 446 Publica
168 397 215 443 une
229 383 354 460 requies
371 400 512 450 curarum
527 402 655 452 somnus
670 388 811 454 habehat

83 469 216 545 Fusaque
230 475 318 528 erant
332 475 396 528 toto
410 469 556 544 languida
570 473 706 533 membra
721 479 803 536 toros

54 554 112 612 dunt
125 551 220 612 subito
238 551 340 627 pinnis
358 553 488 628 agitatus
503 554 652 616 inhorruit
666 573 728 632 aer,

29 649 47 700 ll
84 637 117 698 Et
129 636 238 712 gemuit
250 651 349 711 parvo
364 642 447 698 mota
461 638 596 700 fenestra
610 656 699 701 sono.
731 639 734 651 '

53 722 164 781 Territus
177 720 207 780 in
223 719 356 782 cubitum
370 721 476 784 relevo
490 737 559 784 mea
573 725 708 784 membra
724 724 887 799 sinistrum,

83 805 181 868 Pulsus
196 812 227 864 ct
245 819 263 864 e
279 804 399 880 trepido
415 811 540 881 pectore
554 823 681 870 somnus
696 807 768 870 ubit.

56 889 141 948 Sabat
150 889 255 963 Amor,
278 890 363 950 vultu
378 905 440 950 non
455 905 516 965 quo
534 891 617 966 prius
634 908 705 954 esse
719 893 847 966 solebat,

83 973 178 1033 Fulcra
191 978 300 1034 tenens
317 973 405 1032 laeva
419 973 515 1034 tristis
533 990 645 1038 acerna
660 993 759 1052 manu,

27 1057 100 1116 ltlcc
113 1063 246 1132 torquem
261 1056 351 1129 collo,
374 1072 432 1124 uec
447 1057 566 1120 habens
582 1061 696 1122 crinale
712 1061 840 1137 capillis,

85 1141 137 1201 ileo
149 1140 227 1202 bene
243 1140 413 1216 dispositas
429 1150 579 1220 complue,
601 1151 729 1219 utente,
752 1161 866 1206 comas.

55 1225 161 1286 Horrida
173 1224 350 1302 pendebant
363 1225 472 1290 molles
488 1243 582 1303 super
597 1245 652 1290 ora
668 1229 779 1304 capilli,

81 1309 112 1388 lit
124 1310 187 1371 visa
201 1316 250 1370 est
263 1310 362 1370 oculis
379 1310 504 1371 horrida
521 1313 614 1387 pinna
629 1314 721 1373 meis:

57 1393 136 1466 Qualis
149 1394 178 1454 in
192 1393 295 1455 aeriae
310 1399 395 1469 tergo
411 1395 492 1455 solet
505 1411 577 1456 esse
592 1397 762 1471 columbae,

27 1477 47 1528 ll
83 1480 260 1540 Tmctantum
274 1479 386 1540 multae
403 1495 496 1553 quam
511 1479 636 1555 tetigere
650 1497 769 1540 manus.

57 1561 121 1622 llunc
132 1563 218 1623 simul
234 1562 377 1638 agnovi..
399 1564 597 1640 nequeenim
612 1564 685 1630 milui
700 1565 800 1626 notior
815 1565 921 1624 alter...
990 1593 994 1610 ·

83 1646 192 1708 lulibus
207 1647 313 1708 adlata
328 1653 376 1708 est
389 1646 485 1708 libera
499 1647 601 1724 lingua
616 1647 717 1711 sonis=

57 1727 81 1786 ‘0
93 1747 166 1804 puer,
189 1731 272 1792 exilii
288 1730 419 1805 decepto
435 1747 531 1794 causa
545 1731 701 1807 magistro,

85 1813 164 1886 Qucun
176 1815 233 1876 luit
248 1815 353 1876 utilius
368 1829 430 1875 non
445 1814 590 1876 docuisse
606 1814 693 1877 mihil

28 1893 103 1955 lilluc
115 1914 231 1975 quoquc
245 1898 367 1972 venisti,
389 1913 453 1974 pax
468 1907 515 1960 cst
529 1899 581 1962 ubi
596 1906 734 1976 tempore
749 1899 841 1973 nullo,

86 1980 114 2041 dt
127 1984 182 2045 coit
196 1981 329 2044 astrictis
343 1983 494 2046 barbarus
511 1984 613 2044 Hister
628 1984 738 2060 aquis?

58 2064 119 2136 Quae
129 2067 176 2127 libi
187 2081 281 2128 causa
293 2066 382 2128 viaet
403 2066 462 2127 nisi
477 2074 511 2129 ut
524 2068 601 2130 llaec
613 2068 693 2128 mala
704 2072 809 2128 nostra
822 2066 962 2128 viderest

86 2148 156 2222 Quae
169 2157 245 2225 suni,
266 2150 293 2212 si
308 2151 420 2224 nescis,
443 2151 596 2214 invidiosa
610 2151 673 2211 tibi.

56 2230 87 2290 lu
97 2233 159 2294 mihi
172 2235 292 2296 dictasti
306 2234 458 2296 iuvenalia
473 2232 607 2296 carmina
623 2236 753 2312 primus:

29 2307 48 2360 3⁰
86 2318 210 2393 Apposui
224 2320 308 2382 senis
325 2324 355 2380 te
370 2319 449 2380 duae
464 2320 598 2396 quinque
614 2321 720 2396 pedes.

57 2398 100 2459 lec
111 2418 153 2464 me
167 2403 307 2466 lllaeonio
323 2418 513 2479 consurgere
528 2405 670 2479 carmine,
691 2419 748 2464 nec
764 2419 812 2462 me

84 2485 175 2548 dicere
189 2503 367 2564 magrrorum
382 2504 498 2564 passus
513 2504 547 2549 es
564 2497 632 2550 aeta
650 2487 771 2548 ducum.

57 2565 167 2632 Forsitan
182 2573 320 2648 exiguae,
343 2571 464 2648 aliquas
480 2579 588 2648 tamen,
612 2587 703 2633 arcus
718 2578 748 2632 et
762 2569 840 2644 ignis

85 2653 183 2730 ingenii
198 2657 280 2718 vires
295 2657 501 2720 comminuere
516 2658 585 2718 nuci.

31 2729 165 2815 illamque
178 2755 237 2817 ego
253 2742 325 2803 duun
340 2748 429 2802 canto
445 2748 496 2804 tua
512 2758 608 2819 regna
624 2749 756 2816 tuaeque
772 2738 916 2815 parentis,

83 2820 109 2880 ln
123 2825 232 2886 nullum
247 2841 316 2886 mea
330 2841 417 2888 mens
432 2828 548 2902 grande
562 2826 684 2887 vacavit
699 2839 790 2899 opus.

56 2899 99 2964 llco
110 2909 177 2970 salis
191 2909 223 2970 id
237 2910 345 2971 iuerat.
377 2911 468 2971 stulto
485 2925 609 2988 quoque
625 2907 758 2970 carmine
777 2905 845 2982 ieci,

83 2989 190 3054 dntibus
205 3000 238 3056 ut
254 3009 367 3071 posses
382 3010 443 3056 non
457 2995 542 3056 rudis
557 3009 629 3055 esse
643 2993 729 3054 meis.

55 3067 95 3131 Plo
108 3077 209 3150 quibus
224 3078 348 3141 exilium
363 3079 476 3142 misero
491 3079 564 3140 mihi
580 3077 700 3138 reddita
714 3090 841 3148 merces,

25 3157 45 3210 ll
82 3157 108 3217 ld
121 3177 238 3238 quoque
255 3163 286 3222 in
300 3163 446 3225 extremis
462 3169 491 3223 et
506 3164 573 3224 sine
589 3177 667 3240 pace
682 3160 770 3221 locis.

53 3239 78 3297 A!
92 3259 145 3304 non
157 3247 314 3309 Edonidas
327 3247 495 3324 Eumolpus
511 3249 541 3309 in
557 3247 679 3322 Orphea
693 3245 771 3316 talis,

79 3325 105 3385 ln
117 3327 234 3408 Phryga
250 3347 308 3393 neo
324 3330 469 3412 Satyrum
484 3333 553 3394 talis
569 3330 719 3410 Olympus
734 3335 808 3389 erat.

52 3405 163 3473 Praemia
175 3431 232 3478 nee
246 3415 358 3477 Chiron
375 3416 413 3477 ab
429 3417 539 3478 Achilli
554 3416 625 3476 talia
641 3413 737 3490 capite

77 3491 318 3577 Pythagoraeque
333 3501 432 3563 lerunt
447 3517 507 3563 non
523 3499 667 3560 nocuisse
680 3499 818 3618 Numam.

323 3617 327 3626 ·
703 3593 733 3645 ll

23 3694 32 3901 l
