2492 3926
466 225 524 295 Vl,
547 221 725 287 tlt—518.

171 376 257 451 Quae
272 376 332 436 dea
345 375 401 448 sit,
417 390 513 450 quare
531 376 661 436 famulas
676 392 695 436 a
710 377 811 438 limine
825 381 928 454 templi

210 461 370 533 Arceat,...
385 467 470 520 arcet
484 459 594 520 enim...
612 460 734 538 libaque
748 468 830 523 tosta
844 470 947 537 petatt

168 544 305 621 Baccho,
320 543 518 604 racemiferos
533 543 649 604 hedera
663 544 800 605 redimite
815 546 953 621 capillos,

210 629 242 690 Si
257 628 368 689 domus
388 627 440 687 illa
454 634 505 687 tua
520 635 581 702 est,
598 628 694 704 dirige
709 630 787 691 vatis
804 645 892 705 opus.

98 721 155 777 tes
170 717 300 772 Arserat
314 711 464 785 obsequio
482 709 602 771 Semele
618 713 711 773 Iovis.
740 713 850 788 accipit
865 714 917 774 Ino

210 798 252 855 Te
267 811 358 871 puer,
376 802 405 854 et
419 811 538 855 summa
554 795 662 856 sedula
677 798 767 857 nutrit
783 813 852 872 ope.

169 880 311 940 Intumuit
324 880 416 952 Iuno,
433 886 555 954 raptum
570 881 654 954 quod
669 881 768 955 pelice
784 889 887 942 natum

210 964 338 1024 Educet.
367 970 398 1024 at
414 965 541 1039 sanguis
556 963 607 1022 ille
622 964 738 1025 sororis
755 972 828 1024 erat.

169 1047 247 1107 Hinc
267 1046 367 1122 agitur
382 1048 466 1107 iuriis
481 1047 629 1107 Athamas
645 1055 675 1108 et
690 1048 820 1124 imagine
837 1049 923 1120 laisa,

95 1137 155 1192 490
210 1133 317 1206 Tuque
333 1131 419 1191 cadis
436 1133 549 1208 patria,
567 1147 662 1208 parve
676 1131 827 1204 Learche,
847 1149 949 1193 manu.

168 1215 286 1276 Maesta
299 1214 472 1275 Learcheas
488 1222 585 1274 nrater
599 1217 800 1276 tumulaverat
813 1216 948 1292 umbras,

207 1299 245 1359 Et
260 1299 388 1360 dederat
402 1299 524 1360 miseris
539 1300 642 1359 omniu
657 1300 736 1360 iusta
750 1300 844 1375 rogis.

167 1383 251 1444 Haec
267 1397 405 1458 quoque,
423 1384 560 1445 funestos
576 1390 608 1444 ut
624 1391 689 1443 erut
703 1384 815 1445 laniata
830 1386 968 1460 capillos,

209 1467 344 1540 Prosilit,
362 1473 391 1526 et
407 1468 493 1527 cunis
511 1476 555 1542 te,
570 1467 742 1541 Melicerta,
759 1470 847 1543 rapit.

94 1550 151 1606 495
167 1550 224 1612 Est
237 1551 336 1627 spatio
353 1558 508 1613 contracta
522 1551 622 1625 brevi,
644 1551 719 1612 irata
733 1552 804 1612 bina
822 1553 949 1627 repellit,

208 1635 338 1710 Unaque
353 1636 493 1710 pulsatur
507 1643 589 1696 terra
604 1634 724 1697 duabus
741 1636 842 1710 aquis.

166 1719 235 1778 Huc
251 1719 334 1778 venit
348 1720 465 1782 insanis
480 1727 584 1780 natum
600 1722 763 1796 complexa
777 1720 908 1795 lacertis

207 1801 366 1873 Etsecum
381 1819 399 1862 e
415 1804 499 1864 celso
515 1804 602 1864 mittit
617 1804 646 1863 in
662 1804 723 1864 alta
737 1805 818 1880 iugo.

49 1935 51 1940 ,
166 1887 289 1962 Excipit
304 1887 428 1948 illaesos
444 1887 569 1963 Panope
585 1895 768 1964 centumque
786 1903 920 1959 sorores,

96 1985 153 2038 500
209 1971 247 2030 Et
262 1971 385 2048 placido
401 1972 490 2046 lapsu
504 1988 560 2047 per
574 1988 632 2032 sua
645 1988 741 2047 regna
758 1973 865 2034 lerunt.

164 2057 308 2116 Nondum
322 2055 515 2128 Leucothea,
531 2057 667 2117 nondum
683 2072 759 2132 puer
773 2058 822 2116 ille
837 2056 1009 2128 Palaemon,

206 2138 381 2201 Vertioibus
398 2139 487 2199 densi
501 2139 666 2218 Thybridis
683 2156 737 2201 ora
752 2147 865 2202 tenent.

165 2224 266 2284 Lucus
286 2230 359 2284 erat.
389 2222 515 2284 dubium
531 2222 684 2295 Semelae,
702 2222 887 2286 Stimtdaene
901 2233 1042 2286 vocatum

207 2307 377 2368 Maenadas
391 2308 548 2368 Ausonias
563 2308 731 2369 incoluisse
746 2311 855 2370 lerum.

97 2399 152 2454 505
168 2391 291 2466 Quaerit
305 2391 343 2452 ab
359 2391 407 2452 his
423 2393 493 2465 Ino,
509 2409 589 2466 quae
604 2408 680 2468 gens
696 2393 783 2452 leret.
811 2394 951 2452 Arcadas
966 2407 1038 2451 esse

37 2467 45 2480 ’
210 2477 318 2550 Audit,
335 2476 554 2536 elEuandrum
570 2483 693 2552 sceptra
708 2477 894 2538 tenereloci.

167 2559 365 2621 Dissimulata
382 2561 472 2620 deam
485 2561 588 2622 Latias
605 2560 748 2621 Saturnia
762 2561 896 2621 bacchas

210 2644 379 2704 instimulat
393 2644 472 2704 fictis
487 2644 638 2706 insidiosa
652 2645 753 2708 sonisx

168 2726 205 2788 ³0
221 2727 345 2789 nimium
361 2728 483 2801 iaciles,
499 2745 518 2789 o
533 2735 596 2789 toto
614 2736 737 2804 pectore
753 2734 877 2804 captae!

95 2827 154 2880 510
208 2813 276 2872 Non
290 2812 375 2871 venit
388 2811 464 2872 haec
479 2815 593 2873 nostris
608 2812 724 2889 hospes
741 2814 839 2873 amica
854 2812 966 2872 choris.

167 2895 288 2957 Fraude
303 2895 393 2970 petit,
409 2897 552 2971 sacrique
567 2904 654 2972 parat
668 2912 859 2972 cognoscere
873 2897 972 2956 ritum.

210 2979 276 3054 Quo
292 2981 393 3057 possit
413 2995 531 3057 poenas
548 2982 697 3057 pendere,
714 2981 826 3056 pignus
842 2980 954 3040 hahet’

166 3063 229 3125 Vix
243 3065 325 3126 bene
339 3063 489 3137 desierat,
505 3065 661 3142 complent
676 3063 840 3126 ululatibus
856 3081 946 3124 auras

208 3147 381 3228 Thyiades,
398 3146 506 3209 effusis
521 3165 577 3226 per
590 3165 649 3212 sua
662 3148 744 3211 colla
757 3150 864 3224 comis,

94 3240 150 3295 515
166 3233 356 3308 iniciuntque
371 3249 494 3304 manue,
517 3249 706 3309 puerumque
720 3234 868 3294 revellere
884 3239 1029 3308 puguant.
1045 3284 1047 3288 ,

209 3316 292 3390 Quos
307 3317 427 3391 ignorat
441 3317 558 3391 adhuc,
575 3319 697 3378 invocat
712 3318 763 3378 illa
778 3318 872 3378 deos:

166 3399 276 3476 ‘Dique
291 3401 411 3477 virique
426 3401 500 3473 loci,
515 3402 646 3463 miserae
662 3402 829 3462 succurrite
845 3406 958 3460 matrrt’

210 3485 330 3546 Clamor
345 3485 490 3546 Aventini
506 3502 583 3546 saxa
598 3486 772 3562 propinqua
787 3485 863 3544 lorii.
