<?xml version="1.0" encoding="UTF-8"?>
<!DOCTYPE html PUBLIC "-//W3C//DTD XHTML 1.0 Transitional//EN"
    "http://www.w3.org/TR/xhtml1/DTD/xhtml1-transitional.dtd">
<html xmlns="http://www.w3.org/1999/xhtml" xml:lang="en" lang="en">
 <head>
  <title>
</title>
<meta http-equiv="Content-Type" content="text/html;charset=utf-8" />
  <meta name='ocr-system' content='tesseract 3.04.00' />
  <meta name='ocr-capabilities' content='ocr_page ocr_carea ocr_par ocr_line ocrx_word'/>
</head>
<body>
  <div class='ocr_page' id='page_1' title='image "./povidiusnaso00goog_0267.png"; bbox 0 0 2492 3926; ppageno 0'>
   <div class='ocr_carea' id='block_1_1' title="bbox 144 179 836 288">
    <p class='ocr_par' dir='ltr' id='par_1_1' title="bbox 144 179 836 288">
     <span class='ocr_line' id='line_1_1' title="bbox 144 179 836 288; baseline -0.02 2"><span class='ocrx_word' id='word_1_1' title='bbox 144 179 147 188; x_wconf 29' lang='lat'>¹</span> <span class='ocrx_word' id='word_1_2' title='bbox 205 222 266 288; x_wconf 77' lang='lat' dir='ltr'><strong>usu</strong></span> <span class='ocrx_word' id='word_1_3' title='bbox 582 216 836 280; x_wconf 77' lang='lat' dir='ltr'><strong>rnsroaun</strong></span> 
     </span>
    </p>
   </div>
   <div class='ocr_carea' id='block_1_2' title="bbox 223 367 1136 1206">
    <p class='ocr_par' dir='ltr' id='par_1_2' title="bbox 223 367 1136 1206">
     <span class='ocr_line' id='line_1_2' title="bbox 291 367 1018 448; baseline -0.008 -12"><span class='ocrx_word' id='word_1_4' title='bbox 291 373 431 436; x_wconf 76' lang='lat' dir='ltr'><strong>Caesaris</strong></span> <span class='ocrx_word' id='word_1_5' title='bbox 446 371 622 448; x_wconf 87' lang='lat' dir='ltr'><strong>innumeris,</strong></span> <span class='ocrx_word' id='word_1_6' title='bbox 639 389 699 446; x_wconf 90' lang='lat' dir='ltr'><strong>quo</strong></span> <span class='ocrx_word' id='word_1_7' title='bbox 715 371 820 432; x_wconf 90' lang='lat' dir='ltr'><strong>maluit</strong></span> <span class='ocrx_word' id='word_1_8' title='bbox 833 369 885 429; x_wconf 85' lang='lat' dir='ltr'><strong>ifle</strong></span> <span class='ocrx_word' id='word_1_9' title='bbox 900 367 1018 444; x_wconf 85' lang='lat' dir='ltr'><strong>mereri,</strong></span> 
     </span>
     <span class='ocr_line' id='line_1_3' title="bbox 224 454 904 536; baseline -0.021 -12"><span class='ocrx_word' id='word_1_10' title='bbox 224 469 276 524; x_wconf 75' lang='lat'><strong>420</strong></span> <span class='ocrx_word' id='word_1_11' title='bbox 332 456 475 536; x_wconf 84' lang='lat' dir='ltr'><strong>Accessit</strong></span> <span class='ocrx_word' id='word_1_12' title='bbox 487 455 580 516; x_wconf 87' lang='lat' dir='ltr'><strong>titulis</strong></span> <span class='ocrx_word' id='word_1_13' title='bbox 595 455 779 532; x_wconf 83' lang='lat' dir='ltr'><strong>pontificalis</strong></span> <span class='ocrx_word' id='word_1_14' title='bbox 794 454 904 514; x_wconf 89' lang='lat' dir='ltr'><strong>honor.</strong></span> 
     </span>
     <span class='ocr_line' id='line_1_4' title="bbox 289 539 997 620; baseline -0.008 -18"><span class='ocrx_word' id='word_1_15' title='bbox 289 541 412 620; x_wconf 82' lang='lat' dir='ltr'>Ignibus</span> <span class='ocrx_word' id='word_1_16' title='bbox 427 539 559 602; x_wconf 83' lang='lat' dir='ltr'><strong>aeternis</strong></span> <span class='ocrx_word' id='word_1_17' title='bbox 575 541 694 620; x_wconf 88' lang='lat' dir='ltr'><strong>aeterni</strong></span> <span class='ocrx_word' id='word_1_18' title='bbox 707 539 831 600; x_wconf 87' lang='lat' dir='ltr'><strong>numina</strong></span> <span class='ocrx_word' id='word_1_19' title='bbox 848 541 997 613; x_wconf 82' lang='lat' dir='ltr'><strong>praesunt</strong></span> 
     </span>
     <span class='ocr_line' id='line_1_5' title="bbox 330 619 1001 700; baseline -0.01 -15"><span class='ocrx_word' id='word_1_20' title='bbox 330 625 481 686; x_wconf 80' lang='lat' dir='ltr'><strong>Caesaris.</strong></span> <span class='ocrx_word' id='word_1_21' title='bbox 509 624 629 700; x_wconf 90' lang='lat' dir='ltr'><strong>imperii</strong></span> <span class='ocrx_word' id='word_1_22' title='bbox 644 625 773 700; x_wconf 84' lang='lat' dir='ltr'><strong>pignora</strong></span> <span class='ocrx_word' id='word_1_23' title='bbox 786 623 889 684; x_wconf 89' lang='lat' dir='ltr'><strong>iuncta</strong></span> <span class='ocrx_word' id='word_1_24' title='bbox 903 619 1001 680; x_wconf 89' lang='lat' dir='ltr'><strong>vides.</strong></span> 
     </span>
     <span class='ocr_line' id='line_1_6' title="bbox 290 701 1060 784; baseline -0.008 -15"><span class='ocrx_word' id='word_1_25' title='bbox 290 709 327 770; x_wconf 86' lang='lat' dir='ltr'><strong>Di</strong></span> <span class='ocrx_word' id='word_1_26' title='bbox 342 708 590 782; x_wconf 66' lang='lat' dir='ltr'><strong>venustiano,</strong></span> <span class='ocrx_word' id='word_1_27' title='bbox 613 707 795 784; x_wconf 85' lang='lat' dir='ltr'><strong>dignissima</strong></span> <span class='ocrx_word' id='word_1_28' title='bbox 809 705 926 784; x_wconf 90' lang='lat' dir='ltr'><strong>praeda</strong></span> <span class='ocrx_word' id='word_1_29' title='bbox 941 701 1060 779; x_wconf 80' lang='lat' dir='ltr'><strong>serenti,</strong></span> 
     </span>
     <span class='ocr_line' id='line_1_7' title="bbox 333 788 1002 868; baseline -0.01 -15"><span class='ocrx_word' id='word_1_30' title='bbox 333 793 398 868; x_wconf 80' lang='lat' dir='ltr'><strong>Oua</strong></span> <span class='ocrx_word' id='word_1_31' title='bbox 412 793 516 868; x_wconf 85' lang='lat' dir='ltr'><strong>gravis</strong></span> <span class='ocrx_word' id='word_1_32' title='bbox 537 797 661 854; x_wconf 81' lang='lat' dir='ltr'>Aeneas</span> <span class='ocrx_word' id='word_1_33' title='bbox 677 800 757 854; x_wconf 88' lang='lat' dir='ltr'><strong>tutus</strong></span> <span class='ocrx_word' id='word_1_34' title='bbox 773 791 811 854; x_wconf 89' lang='lat' dir='ltr'><strong>ab</strong></span> <span class='ocrx_word' id='word_1_35' title='bbox 826 791 917 852; x_wconf 80' lang='lat' dir='ltr'><strong>hosta</strong></span> <span class='ocrx_word' id='word_1_36' title='bbox 932 788 1002 849; x_wconf 84' lang='lat' dir='ltr'><strong>luit!</strong></span> 
     </span>
     <span class='ocr_line' id='line_1_8' title="bbox 223 874 975 953; baseline -0.004 -16"><span class='ocrx_word' id='word_1_37' title='bbox 223 883 275 938; x_wconf 73' lang='lat'><strong>425</strong></span> <span class='ocrx_word' id='word_1_38' title='bbox 291 877 382 939; x_wconf 86' lang='lat' dir='ltr'>Ortus</span> <span class='ocrx_word' id='word_1_39' title='bbox 396 877 435 937; x_wconf 92' lang='lat' dir='ltr'><strong>ab</strong></span> <span class='ocrx_word' id='word_1_40' title='bbox 450 877 558 940; x_wconf 82' lang='lat' dir='ltr'>Aenea</span> <span class='ocrx_word' id='word_1_41' title='bbox 571 877 667 953; x_wconf 87' lang='lat' dir='ltr'><strong>tangit</strong></span> <span class='ocrx_word' id='word_1_42' title='bbox 680 885 811 953; x_wconf 87' lang='lat' dir='ltr'><strong>cognata</strong></span> <span class='ocrx_word' id='word_1_43' title='bbox 826 874 975 936; x_wconf 80' lang='lat' dir='ltr'><strong>sacerdos</strong></span> 
     </span>
     <span class='ocr_line' id='line_1_9' title="bbox 329 961 1021 1038; baseline -0.007 -17"><span class='ocrx_word' id='word_1_44' title='bbox 329 961 468 1022; x_wconf 85' lang='lat' dir='ltr'><strong>Numina.</strong></span> <span class='ocrx_word' id='word_1_45' title='bbox 498 970 675 1038; x_wconf 87' lang='lat' dir='ltr'><strong>cognatum,</strong></span> <span class='ocrx_word' id='word_1_46' title='bbox 689 963 801 1036; x_wconf 90' lang='lat' dir='ltr'><strong>Vesta,</strong></span> <span class='ocrx_word' id='word_1_47' title='bbox 819 967 903 1020; x_wconf 90' lang='lat' dir='ltr'><strong>tuere</strong></span> <span class='ocrx_word' id='word_1_48' title='bbox 918 966 1021 1033; x_wconf 88' lang='lat' dir='ltr'><strong>caput.</strong></span> 
     </span>
     <span class='ocr_line' id='line_1_10' title="bbox 291 1041 1122 1122; baseline -0.005 -16"><span class='ocrx_word' id='word_1_49' title='bbox 291 1045 374 1120; x_wconf 79' lang='lat' dir='ltr'><strong>Quos</strong></span> <span class='ocrx_word' id='word_1_50' title='bbox 390 1053 498 1106; x_wconf 88' lang='lat' dir='ltr'><strong>sancta</strong></span> <span class='ocrx_word' id='word_1_51' title='bbox 517 1047 602 1106; x_wconf 87' lang='lat' dir='ltr'><strong>lovel</strong></span> <span class='ocrx_word' id='word_1_52' title='bbox 614 1047 665 1106; x_wconf 87' lang='lat' dir='ltr'><strong>llle</strong></span> <span class='ocrx_word' id='word_1_53' title='bbox 679 1062 785 1122; x_wconf 90' lang='lat' dir='ltr'><strong>manu,</strong></span> <span class='ocrx_word' id='word_1_54' title='bbox 798 1045 878 1106; x_wconf 88' lang='lat' dir='ltr'><strong>bene</strong></span> <span class='ocrx_word' id='word_1_55' title='bbox 892 1042 995 1104; x_wconf 86' lang='lat' dir='ltr'><strong>vivitis</strong></span> <span class='ocrx_word' id='word_1_56' title='bbox 1013 1041 1122 1116; x_wconf 84' lang='lat' dir='ltr'><strong>ignes.</strong></span> 
     </span>
     <span class='ocr_line' id='line_1_11' title="bbox 330 1128 1136 1206; baseline -0.004 -16"><span class='ocrx_word' id='word_1_57' title='bbox 330 1128 432 1190; x_wconf 85' lang='lat' dir='ltr'><strong>Vivitc</strong></span> <span class='ocrx_word' id='word_1_58' title='bbox 446 1129 617 1205; x_wconf 87' lang='lat' dir='ltr'><strong>inextincti,</strong></span> <span class='ocrx_word' id='word_1_59' title='bbox 638 1130 823 1206; x_wconf 85' lang='lat' dir='ltr'><strong>flammaque</strong></span> <span class='ocrx_word' id='word_1_60' title='bbox 839 1129 981 1204; x_wconf 85' lang='lat' dir='ltr'><strong>duxque,</strong></span> <span class='ocrx_word' id='word_1_61' title='bbox 1004 1139 1136 1201; x_wconf 79' lang='lat' dir='ltr'><strong>precor.</strong></span> 
     </span>
    </p>
   </div>
   <div class='ocr_carea' id='block_1_3' title="bbox 528 1249 905 1326">
    <p class='ocr_par' dir='ltr' id='par_1_3' title="bbox 528 1249 905 1326">
     <span class='ocr_line' id='line_1_12' title="bbox 528 1249 905 1326; baseline -0.011 1"><span class='ocrx_word' id='word_1_62' title='bbox 528 1249 534 1261; x_wconf 84' lang='lat'><em>‘</em></span> <span class='ocrx_word' id='word_1_63' title='bbox 597 1262 833 1326; x_wconf 74' lang='lat' dir='ltr'><strong>aunon-r</strong></span> <span class='ocrx_word' id='word_1_64' title='bbox 902 1291 905 1298; x_wconf 65' lang='grc'><strong><em>«</em></strong></span> 
     </span>
    </p>
   </div>
   <div class='ocr_carea' id='block_1_4' title="bbox 220 1380 1197 3568">
    <p class='ocr_par' dir='ltr' id='par_1_4' title="bbox 220 1380 1197 3568">
     <span class='ocr_line' id='line_1_13' title="bbox 290 1380 1056 1458; baseline 0 -16"><span class='ocrx_word' id='word_1_65' title='bbox 290 1381 358 1442; x_wconf 86' lang='lat' dir='ltr'><strong>Una</strong></span> <span class='ocrx_word' id='word_1_66' title='bbox 373 1391 445 1444; x_wconf 91' lang='lat' dir='ltr'><strong>nota</strong></span> <span class='ocrx_word' id='word_1_67' title='bbox 459 1391 507 1444; x_wconf 87' lang='lat' dir='ltr'><strong>est</strong></span> <span class='ocrx_word' id='word_1_68' title='bbox 520 1383 609 1444; x_wconf 88' lang='lat' dir='ltr'><strong>Marti</strong></span> <span class='ocrx_word' id='word_1_69' title='bbox 622 1384 728 1444; x_wconf 89' lang='lat' dir='ltr'><strong>Nonis.</strong></span> <span class='ocrx_word' id='word_1_70' title='bbox 758 1391 879 1444; x_wconf 89' lang='lat' dir='ltr'><strong>sacrata</strong></span> <span class='ocrx_word' id='word_1_71' title='bbox 895 1380 980 1458; x_wconf 86' lang='lat' dir='ltr'><strong>quod</strong></span> <span class='ocrx_word' id='word_1_72' title='bbox 994 1380 1056 1442; x_wconf 87' lang='lat' dir='ltr'><strong>illis</strong></span> 
     </span>
     <span class='ocr_line' id='line_1_14' title="bbox 224 1465 1070 1544; baseline -0.001 -16"><span class='ocrx_word' id='word_1_73' title='bbox 224 1473 276 1528; x_wconf 74' lang='lat' dir='ltr'><strong>lito</strong></span> <span class='ocrx_word' id='word_1_74' title='bbox 329 1467 456 1543; x_wconf 87' lang='lat' dir='ltr'><strong>Templa</strong></span> <span class='ocrx_word' id='word_1_75' title='bbox 469 1475 578 1544; x_wconf 87' lang='lat' dir='ltr'><strong>putant</strong></span> <span class='ocrx_word' id='word_1_76' title='bbox 590 1469 679 1529; x_wconf 91' lang='lat' dir='ltr'><strong>lucos</strong></span> <span class='ocrx_word' id='word_1_77' title='bbox 693 1467 845 1528; x_wconf 87' lang='lat' dir='ltr'><strong>Vediovis</strong></span> <span class='ocrx_word' id='word_1_78' title='bbox 860 1472 931 1526; x_wconf 88' lang='lat' dir='ltr'><strong>ante</strong></span> <span class='ocrx_word' id='word_1_79' title='bbox 946 1465 1036 1527; x_wconf 89' lang='lat' dir='ltr'><strong>duos.</strong></span> <span class='ocrx_word' id='word_1_80' title='bbox 1068 1469 1070 1484; x_wconf 93' lang='lat'>&#39;</span> 
     </span>
     <span class='ocr_line' id='line_1_15' title="bbox 288 1550 992 1623; baseline -0.003 -11"><span class='ocrx_word' id='word_1_81' title='bbox 288 1552 437 1612; x_wconf 84' lang='lat' dir='ltr'><strong>Romulus</strong></span> <span class='ocrx_word' id='word_1_82' title='bbox 452 1561 485 1613; x_wconf 92' lang='lat' dir='ltr'><strong>ut</strong></span> <span class='ocrx_word' id='word_1_83' title='bbox 499 1568 577 1613; x_wconf 89' lang='lat' dir='ltr'><strong>saxo</strong></span> <span class='ocrx_word' id='word_1_84' title='bbox 593 1553 693 1613; x_wconf 87' lang='lat' dir='ltr'><strong>lucum</strong></span> <span class='ocrx_word' id='word_1_85' title='bbox 708 1550 910 1612; x_wconf 82' lang='lat' dir='ltr'><strong>circumdedit</strong></span> <span class='ocrx_word' id='word_1_86' title='bbox 922 1551 992 1623; x_wconf 85' lang='lat' dir='ltr'><strong>alto,</strong></span> 
     </span>
     <span class='ocr_line' id='line_1_16' title="bbox 329 1633 1048 1712; baseline -0.004 -16"><span class='ocrx_word' id='word_1_87' title='bbox 329 1635 473 1710; x_wconf 79' lang='lat' dir='ltr'><strong>‘Quilibet</strong></span> <span class='ocrx_word' id='word_1_88' title='bbox 490 1635 562 1697; x_wconf 82' lang='lat' dir='ltr'><strong>lruc’</strong></span> <span class='ocrx_word' id='word_1_89' title='bbox 577 1637 676 1712; x_wconf 89' lang='lat' dir='ltr'><strong>inquit</strong></span> <span class='ocrx_word' id='word_1_90' title='bbox 689 1636 843 1711; x_wconf 71' lang='lat' dir='ltr'><strong>‘confuga</strong></span> <span class='ocrx_word' id='word_1_91' title='bbox 865 1641 947 1696; x_wconf 87' lang='lat' dir='ltr'><strong>tutus</strong></span> <span class='ocrx_word' id='word_1_92' title='bbox 962 1633 1048 1694; x_wconf 65' lang='lat' dir='ltr'><strong>eris?</strong></span> 
     </span>
     <span class='ocr_line' id='line_1_17' title="bbox 292 1717 1007 1795; baseline -0.004 -16"><span class='ocrx_word' id='word_1_93' title='bbox 292 1717 315 1779; x_wconf 95' lang='lat' dir='ltr'><strong>O</strong></span> <span class='ocrx_word' id='word_1_94' title='bbox 332 1735 422 1794; x_wconf 80' lang='lat' dir='ltr'><strong>quani</strong></span> <span class='ocrx_word' id='word_1_95' title='bbox 438 1721 477 1781; x_wconf 90' lang='lat' dir='ltr'><strong>de</strong></span> <span class='ocrx_word' id='word_1_96' title='bbox 492 1721 574 1782; x_wconf 90' lang='lat' dir='ltr'><strong>tenui</strong></span> <span class='ocrx_word' id='word_1_97' title='bbox 588 1723 745 1782; x_wconf 90' lang='lat' dir='ltr'><strong>Romanus</strong></span> <span class='ocrx_word' id='word_1_98' title='bbox 761 1719 878 1795; x_wconf 78' lang='lat' dir='ltr'><strong>origine</strong></span> <span class='ocrx_word' id='word_1_99' title='bbox 898 1719 1007 1780; x_wconf 79' lang='lat' dir='ltr'><strong>crevit:</strong></span> 
     </span>
     <span class='ocr_line' id='line_1_18' title="bbox 329 1803 968 1881; baseline -0.005 -17"><span class='ocrx_word' id='word_1_100' title='bbox 329 1804 430 1864; x_wconf 84' lang='lat' dir='ltr'><strong>Turba</strong></span> <span class='ocrx_word' id='word_1_101' title='bbox 444 1812 531 1866; x_wconf 88' lang='lat' dir='ltr'><strong>vetus</strong></span> <span class='ocrx_word' id='word_1_102' title='bbox 548 1822 639 1881; x_wconf 88' lang='lat' dir='ltr'><strong>quarn</strong></span> <span class='ocrx_word' id='word_1_103' title='bbox 654 1820 715 1865; x_wconf 93' lang='lat' dir='ltr'><strong>non</strong></span> <span class='ocrx_word' id='word_1_104' title='bbox 730 1803 885 1865; x_wconf 89' lang='lat' dir='ltr'><strong>invidiosa</strong></span> <span class='ocrx_word' id='word_1_105' title='bbox 899 1803 968 1864; x_wconf 84' lang='lat' dir='ltr'><strong>init!</strong></span> 
     </span>
     <span class='ocr_line' id='line_1_19' title="bbox 224 1885 1046 1964; baseline -0.009 -12"><span class='ocrx_word' id='word_1_106' title='bbox 224 1897 275 1952; x_wconf 75' lang='lat'><strong>4³5</strong></span> <span class='ocrx_word' id='word_1_107' title='bbox 288 1887 333 1947; x_wconf 88' lang='lat' dir='ltr'><strong>Ne</strong></span> <span class='ocrx_word' id='word_1_108' title='bbox 347 1896 448 1949; x_wconf 89' lang='lat' dir='ltr'><strong>tamen</strong></span> <span class='ocrx_word' id='word_1_109' title='bbox 462 1889 568 1964; x_wconf 89' lang='lat' dir='ltr'><strong>ignaro</strong></span> <span class='ocrx_word' id='word_1_110' title='bbox 584 1890 704 1949; x_wconf 92' lang='lat' dir='ltr'><strong>novitas</strong></span> <span class='ocrx_word' id='word_1_111' title='bbox 722 1888 773 1948; x_wconf 89' lang='lat' dir='ltr'><strong>tibi</strong></span> <span class='ocrx_word' id='word_1_112' title='bbox 787 1887 918 1960; x_wconf 78' lang='lat' dir='ltr'><strong>nominis</strong></span> <span class='ocrx_word' id='word_1_113' title='bbox 934 1885 1046 1962; x_wconf 79' lang='lat' dir='ltr'><strong>obstet,</strong></span> 
     </span>
     <span class='ocr_line' id='line_1_20' title="bbox 329 1970 1014 2048; baseline -0.004 -16"><span class='ocrx_word' id='word_1_114' title='bbox 329 1974 434 2044; x_wconf 85' lang='lat' dir='ltr'><strong>Disce,</strong></span> <span class='ocrx_word' id='word_1_115' title='bbox 452 1974 520 2048; x_wconf 89' lang='lat' dir='ltr'><strong>quis</strong></span> <span class='ocrx_word' id='word_1_116' title='bbox 535 1973 593 2033; x_wconf 88' lang='lat' dir='ltr'><strong>iste</strong></span> <span class='ocrx_word' id='word_1_117' title='bbox 608 1974 699 2048; x_wconf 89' lang='lat' dir='ltr'><strong>deus,</strong></span> <span class='ocrx_word' id='word_1_118' title='bbox 715 1987 809 2034; x_wconf 87' lang='lat' dir='ltr'><strong>curve</strong></span> <span class='ocrx_word' id='word_1_119' title='bbox 823 1979 950 2032; x_wconf 87' lang='lat' dir='ltr'><strong>vocetur</strong></span> <span class='ocrx_word' id='word_1_120' title='bbox 963 1970 1014 2031; x_wconf 85' lang='lat' dir='ltr'><strong>ita.</strong></span> 
     </span>
     <span class='ocr_line' id='line_1_21' title="bbox 288 2055 1071 2131; baseline -0.004 -17"><span class='ocrx_word' id='word_1_121' title='bbox 288 2057 423 2130; x_wconf 90' lang='lat' dir='ltr'><strong>Iuppiter</strong></span> <span class='ocrx_word' id='word_1_122' title='bbox 437 2063 484 2116; x_wconf 85' lang='lat' dir='ltr'><strong>est</strong></span> <span class='ocrx_word' id='word_1_123' title='bbox 499 2057 628 2117; x_wconf 88' lang='lat' dir='ltr'><strong>iuvenis.</strong></span> <span class='ocrx_word' id='word_1_124' title='bbox 658 2057 807 2118; x_wconf 86' lang='lat' dir='ltr'><strong>iuvenalis</strong></span> <span class='ocrx_word' id='word_1_125' title='bbox 830 2055 936 2131; x_wconf 85' lang='lat' dir='ltr'><strong>aspice</strong></span> <span class='ocrx_word' id='word_1_126' title='bbox 951 2057 1071 2116; x_wconf 82' lang='lat' dir='ltr'><strong>voltus:</strong></span> 
     </span>
     <span class='ocr_line' id='line_1_22' title="bbox 329 2139 1039 2214; baseline 0.001 -17"><span class='ocrx_word' id='word_1_127' title='bbox 329 2141 444 2214; x_wconf 87' lang='lat' dir='ltr'><strong>Aspice</strong></span> <span class='ocrx_word' id='word_1_128' title='bbox 459 2139 586 2214; x_wconf 85' lang='lat' dir='ltr'><strong>deinde,</strong></span> <span class='ocrx_word' id='word_1_129' title='bbox 603 2157 694 2203; x_wconf 89' lang='lat' dir='ltr'><strong>manu</strong></span> <span class='ocrx_word' id='word_1_130' title='bbox 709 2141 833 2203; x_wconf 82' lang='lat' dir='ltr'><strong>fulmina</strong></span> <span class='ocrx_word' id='word_1_131' title='bbox 847 2141 931 2200; x_wconf 91' lang='lat' dir='ltr'><strong>nulla</strong></span> <span class='ocrx_word' id='word_1_132' title='bbox 948 2147 1039 2200; x_wconf 84' lang='lat' dir='ltr'><strong>tenet.</strong></span> 
     </span>
     <span class='ocr_line' id='line_1_23' title="bbox 287 2221 1078 2300; baseline 0.005 -20"><span class='ocrx_word' id='word_1_133' title='bbox 287 2221 424 2283; x_wconf 84' lang='lat' dir='ltr'><strong>Fulmina</strong></span> <span class='ocrx_word' id='word_1_134' title='bbox 440 2233 512 2300; x_wconf 87' lang='lat' dir='ltr'><strong>post</strong></span> <span class='ocrx_word' id='word_1_135' title='bbox 525 2239 619 2284; x_wconf 90' lang='lat' dir='ltr'><strong>ausos</strong></span> <span class='ocrx_word' id='word_1_136' title='bbox 636 2225 754 2286; x_wconf 88' lang='lat' dir='ltr'><strong>caelum</strong></span> <span class='ocrx_word' id='word_1_137' title='bbox 768 2225 924 2286; x_wconf 80' lang='lat' dir='ltr'><strong>adfectare</strong></span> <span class='ocrx_word' id='word_1_138' title='bbox 938 2223 1078 2300; x_wconf 77' lang='lat' dir='ltr'><strong>gigantas</strong></span> 
     </span>
     <span class='ocr_line' id='line_1_24' title="bbox 220 2307 1056 2385; baseline -0.001 -18"><span class='ocrx_word' id='word_1_139' title='bbox 220 2313 273 2367; x_wconf 75' lang='lat' dir='ltr'><strong>ulo</strong></span> <span class='ocrx_word' id='word_1_140' title='bbox 328 2307 456 2384; x_wconf 79' lang='lat' dir='ltr'><strong>Sumpta</strong></span> <span class='ocrx_word' id='word_1_141' title='bbox 470 2307 544 2368; x_wconf 90' lang='lat' dir='ltr'><strong>Iovi.</strong></span> <span class='ocrx_word' id='word_1_142' title='bbox 574 2307 671 2384; x_wconf 88' lang='lat' dir='ltr'><strong>primo</strong></span> <span class='ocrx_word' id='word_1_143' title='bbox 686 2318 824 2385; x_wconf 87' lang='lat' dir='ltr'><strong>tompore</strong></span> <span class='ocrx_word' id='word_1_144' title='bbox 841 2308 966 2369; x_wconf 90' lang='lat' dir='ltr'><strong>inermis</strong></span> <span class='ocrx_word' id='word_1_145' title='bbox 982 2314 1056 2378; x_wconf 84' lang='lat' dir='ltr'><strong>erat.</strong></span> 
     </span>
     <span class='ocr_line' id='line_1_25' title="bbox 288 2391 978 2468; baseline 0.003 -18"><span class='ocrx_word' id='word_1_146' title='bbox 288 2392 411 2468; x_wconf 89' lang='lat' dir='ltr'><strong>Ignibus</strong></span> <span class='ocrx_word' id='word_1_147' title='bbox 427 2391 506 2454; x_wconf 92' lang='lat' dir='ltr'><strong>Ossa</strong></span> <span class='ocrx_word' id='word_1_148' title='bbox 520 2394 610 2454; x_wconf 91' lang='lat' dir='ltr'><strong>novis</strong></span> <span class='ocrx_word' id='word_1_149' title='bbox 625 2400 656 2453; x_wconf 89' lang='lat' dir='ltr'><strong>et</strong></span> <span class='ocrx_word' id='word_1_150' title='bbox 669 2393 773 2454; x_wconf 86' lang='lat' dir='ltr'><strong>Polion</strong></span> <span class='ocrx_word' id='word_1_151' title='bbox 792 2393 881 2454; x_wconf 88' lang='lat' dir='ltr'><strong>allius</strong></span> <span class='ocrx_word' id='word_1_152' title='bbox 898 2393 978 2455; x_wconf 90' lang='lat' dir='ltr'><strong>Ossa</strong></span> 
     </span>
     <span class='ocr_line' id='line_1_26' title="bbox 327 2475 994 2555; baseline 0 -20"><span class='ocrx_word' id='word_1_153' title='bbox 327 2477 412 2538; x_wconf 81' lang='lat' dir='ltr'><strong>Arsit</strong></span> <span class='ocrx_word' id='word_1_154' title='bbox 426 2487 457 2538; x_wconf 90' lang='lat' dir='ltr'><strong>et</strong></span> <span class='ocrx_word' id='word_1_155' title='bbox 469 2477 498 2537; x_wconf 92' lang='lat' dir='ltr'><strong>in</strong></span> <span class='ocrx_word' id='word_1_156' title='bbox 514 2478 614 2538; x_wconf 89' lang='lat' dir='ltr'><strong>solida</strong></span> <span class='ocrx_word' id='word_1_157' title='bbox 628 2478 709 2539; x_wconf 83' lang='lat' dir='ltr'><strong>fixus</strong></span> <span class='ocrx_word' id='word_1_158' title='bbox 725 2475 875 2555; x_wconf 84' lang='lat' dir='ltr'><strong>Olympus</strong></span> <span class='ocrx_word' id='word_1_159' title='bbox 892 2478 994 2538; x_wconf 92' lang='lat' dir='ltr'><strong>humo.</strong></span> 
     </span>
     <span class='ocr_line' id='line_1_27' title="bbox 287 2559 1197 2642; baseline 0.004 -22"><span class='ocrx_word' id='word_1_160' title='bbox 287 2559 352 2622; x_wconf 86' lang='lat' dir='ltr'><strong>Stat</strong></span> <span class='ocrx_word' id='word_1_161' title='bbox 368 2579 492 2636; x_wconf 89' lang='lat' dir='ltr'><strong>quoque</strong></span> <span class='ocrx_word' id='word_1_162' title='bbox 507 2579 601 2638; x_wconf 90' lang='lat' dir='ltr'><strong>capra</strong></span> <span class='ocrx_word' id='word_1_163' title='bbox 616 2562 715 2624; x_wconf 92' lang='lat' dir='ltr'><strong>simul.</strong></span> <span class='ocrx_word' id='word_1_164' title='bbox 746 2563 902 2642; x_wconf 81' lang='lat' dir='ltr'><strong>nymphae</strong></span> <span class='ocrx_word' id='word_1_165' title='bbox 916 2561 1042 2639; x_wconf 88' lang='lat' dir='ltr'><strong>pavisse</strong></span> <span class='ocrx_word' id='word_1_166' title='bbox 1057 2561 1197 2624; x_wconf 84' lang='lat' dir='ltr'><strong>seruntur</strong></span> 
     </span>
     <span class='ocr_line' id='line_1_28' title="bbox 329 2645 1119 2716; baseline 0.006 -12"><span class='ocrx_word' id='word_1_167' title='bbox 329 2645 474 2705; x_wconf 85' lang='lat' dir='ltr'><strong>Cretides.</strong></span> <span class='ocrx_word' id='word_1_168' title='bbox 504 2646 609 2707; x_wconf 88' lang='lat' dir='ltr'><strong>inlanti</strong></span> <span class='ocrx_word' id='word_1_169' title='bbox 625 2649 671 2707; x_wconf 89' lang='lat' dir='ltr'><strong>lac</strong></span> <span class='ocrx_word' id='word_1_170' title='bbox 686 2647 770 2708; x_wconf 89' lang='lat' dir='ltr'><strong>dedit</strong></span> <span class='ocrx_word' id='word_1_171' title='bbox 783 2647 835 2706; x_wconf 88' lang='lat' dir='ltr'><strong>illa</strong></span> <span class='ocrx_word' id='word_1_172' title='bbox 849 2649 924 2708; x_wconf 91' lang='lat' dir='ltr'><strong>Iovi.</strong></span> <span class='ocrx_word' id='word_1_173' title='bbox 1111 2705 1119 2716; x_wconf 86' lang='grc'>,</span> 
     </span>
     <span class='ocr_line' id='line_1_29' title="bbox 221 2726 1123 2807; baseline 0 -17"><span class='ocrx_word' id='word_1_174' title='bbox 221 2735 273 2790; x_wconf 76' lang='lat'><strong>445</strong></span> <span class='ocrx_word' id='word_1_175' title='bbox 287 2726 374 2786; x_wconf 80' lang='lat' dir='ltr'><strong>Nunc</strong></span> <span class='ocrx_word' id='word_1_176' title='bbox 390 2745 485 2788; x_wconf 88' lang='lat' dir='ltr'><strong>vocor</strong></span> <span class='ocrx_word' id='word_1_177' title='bbox 500 2728 539 2788; x_wconf 89' lang='lat' dir='ltr'><strong>ad</strong></span> <span class='ocrx_word' id='word_1_178' title='bbox 556 2745 676 2790; x_wconf 88' lang='lat' dir='ltr'><strong>nomen.</strong></span> <span class='ocrx_word' id='word_1_179' title='bbox 706 2732 881 2807; x_wconf 77' lang='lat' dir='ltr'><strong>VegrandIa</strong></span> <span class='ocrx_word' id='word_1_180' title='bbox 895 2733 977 2792; x_wconf 82' lang='lat' dir='ltr'><strong>farra</strong></span> <span class='ocrx_word' id='word_1_181' title='bbox 991 2731 1123 2792; x_wconf 87' lang='lat' dir='ltr'><strong>colonae</strong></span> 
     </span>
     <span class='ocr_line' id='line_1_30' title="bbox 330 2811 1126 2892; baseline 0 -20"><span class='ocrx_word' id='word_1_182' title='bbox 330 2811 413 2885; x_wconf 84' lang='lat' dir='ltr'><strong>Quae</strong></span> <span class='ocrx_word' id='word_1_183' title='bbox 427 2813 506 2872; x_wconf 86' lang='lat' dir='ltr'><strong>male</strong></span> <span class='ocrx_word' id='word_1_184' title='bbox 521 2823 698 2892; x_wconf 86' lang='lat' dir='ltr'><strong>creverunt,</strong></span> <span class='ocrx_word' id='word_1_185' title='bbox 721 2832 877 2891; x_wconf 87' lang='lat' dir='ltr'><strong>vescaque</strong></span> <span class='ocrx_word' id='word_1_186' title='bbox 891 2831 987 2892; x_wconf 88' lang='lat' dir='ltr'><strong>parva</strong></span> <span class='ocrx_word' id='word_1_187' title='bbox 1000 2822 1126 2876; x_wconf 88' lang='lat' dir='ltr'><strong>vocant.</strong></span> 
     </span>
     <span class='ocr_line' id='line_1_31' title="bbox 286 2890 1127 2976; baseline 0.008 -22"><span class='ocrx_word' id='word_1_188' title='bbox 286 2890 343 2955; x_wconf 89' lang='lat' dir='ltr'><strong>Vis</strong></span> <span class='ocrx_word' id='word_1_189' title='bbox 360 2912 397 2956; x_wconf 88' lang='lat' dir='ltr'><strong>ea</strong></span> <span class='ocrx_word' id='word_1_190' title='bbox 411 2898 438 2957; x_wconf 90' lang='lat' dir='ltr'><strong>si</strong></span> <span class='ocrx_word' id='word_1_191' title='bbox 452 2898 536 2959; x_wconf 87' lang='lat' dir='ltr'><strong>verbi</strong></span> <span class='ocrx_word' id='word_1_192' title='bbox 551 2906 612 2972; x_wconf 77' lang='lat' dir='ltr'><strong>est,</strong></span> <span class='ocrx_word' id='word_1_193' title='bbox 629 2917 683 2961; x_wconf 90' lang='lat' dir='ltr'><strong>cur</strong></span> <span class='ocrx_word' id='word_1_194' title='bbox 697 2916 757 2961; x_wconf 94' lang='lat' dir='ltr'><strong>non</strong></span> <span class='ocrx_word' id='word_1_195' title='bbox 773 2917 831 2976; x_wconf 87' lang='lat' dir='ltr'><strong>ego</strong></span> <span class='ocrx_word' id='word_1_196' title='bbox 845 2899 995 2962; x_wconf 88' lang='lat' dir='ltr'><strong>Vediovis</strong></span> <span class='ocrx_word' id='word_1_197' title='bbox 1010 2899 1127 2961; x_wconf 86' lang='lat' dir='ltr'><strong>aedem</strong></span> 
     </span>
     <span class='ocr_line' id='line_1_32' title="bbox 324 2981 995 3061; baseline 0.006 -21"><span class='ocrx_word' id='word_1_198' title='bbox 324 2981 443 3042; x_wconf 83' lang='lat' dir='ltr'><strong>Aedem</strong></span> <span class='ocrx_word' id='word_1_199' title='bbox 458 2999 518 3042; x_wconf 95' lang='lat' dir='ltr'><strong>non</strong></span> <span class='ocrx_word' id='word_1_200' title='bbox 534 2985 635 3058; x_wconf 87' lang='lat' dir='ltr'><strong>magni</strong></span> <span class='ocrx_word' id='word_1_201' title='bbox 650 2986 791 3061; x_wconf 83' lang='lat' dir='ltr'><strong>suspicor</strong></span> <span class='ocrx_word' id='word_1_202' title='bbox 804 3001 877 3046; x_wconf 89' lang='lat' dir='ltr'><strong>esse</strong></span> <span class='ocrx_word' id='word_1_203' title='bbox 888 2985 995 3048; x_wconf 70' lang='lat' dir='ltr'><strong>lovis?</strong></span> 
     </span>
     <span class='ocr_line' id='line_1_33' title="bbox 286 3063 1117 3144; baseline 0.01 -24"><span class='ocrx_word' id='word_1_204' title='bbox 286 3063 425 3138; x_wconf 85' lang='lat' dir='ltr'><strong>lamque,</strong></span> <span class='ocrx_word' id='word_1_205' title='bbox 441 3069 493 3127; x_wconf 91' lang='lat' dir='ltr'><strong>ubi</strong></span> <span class='ocrx_word' id='word_1_206' title='bbox 508 3070 679 3144; x_wconf 84' lang='lat' dir='ltr'><strong>caeruleum</strong></span> <span class='ocrx_word' id='word_1_207' title='bbox 695 3070 852 3130; x_wconf 86' lang='lat' dir='ltr'><strong>variabunt</strong></span> <span class='ocrx_word' id='word_1_208' title='bbox 867 3069 969 3131; x_wconf 90' lang='lat' dir='ltr'><strong>sidera</strong></span> <span class='ocrx_word' id='word_1_209' title='bbox 984 3068 1117 3144; x_wconf 83' lang='lat' dir='ltr'><strong>caelum,</strong></span> 
     </span>
     <span class='ocr_line' id='line_1_34' title="bbox 223 3146 976 3229; baseline 0.003 -19"><span class='ocrx_word' id='word_1_210' title='bbox 223 3155 274 3210; x_wconf 72' lang='lat' dir='ltr'><strong>loo</strong></span> <span class='ocrx_word' id='word_1_211' title='bbox 329 3146 474 3223; x_wconf 87' lang='lat' dir='ltr'><strong>Suspice:</strong></span> <span class='ocrx_word' id='word_1_212' title='bbox 499 3153 652 3227; x_wconf 85' lang='lat' dir='ltr'><strong>Gorgonei</strong></span> <span class='ocrx_word' id='word_1_213' title='bbox 667 3153 878 3214; x_wconf 78' lang='lat' dir='ltr'><strong>collavideb1s</strong></span> <span class='ocrx_word' id='word_1_214' title='bbox 894 3154 976 3229; x_wconf 88' lang='lat' dir='ltr'><strong>equi.</strong></span> 
     </span>
     <span class='ocr_line' id='line_1_35' title="bbox 286 3231 1057 3312; baseline 0.006 -20"><span class='ocrx_word' id='word_1_215' title='bbox 286 3231 424 3293; x_wconf 85' lang='lat' dir='ltr'><strong>Creditur</strong></span> <span class='ocrx_word' id='word_1_216' title='bbox 440 3235 488 3293; x_wconf 89' lang='lat' dir='ltr'><strong>hic</strong></span> <span class='ocrx_word' id='word_1_217' title='bbox 504 3252 614 3296; x_wconf 87' lang='lat' dir='ltr'><strong>caesae</strong></span> <span class='ocrx_word' id='word_1_218' title='bbox 629 3238 758 3312; x_wconf 89' lang='lat' dir='ltr'><strong>gravida</strong></span> <span class='ocrx_word' id='word_1_219' title='bbox 772 3238 892 3298; x_wconf 86' lang='lat' dir='ltr'><strong>cervice</strong></span> <span class='ocrx_word' id='word_1_220' title='bbox 906 3238 1057 3299; x_wconf 83' lang='lat' dir='ltr'><strong>Medusae</strong></span> 
     </span>
     <span class='ocr_line' id='line_1_36' title="bbox 326 3315 950 3397; baseline 0.005 -20"><span class='ocrx_word' id='word_1_221' title='bbox 326 3315 481 3390; x_wconf 86' lang='lat' dir='ltr'><strong>Sanguine</strong></span> <span class='ocrx_word' id='word_1_222' title='bbox 497 3321 647 3394; x_wconf 85' lang='lat' dir='ltr'><strong>respersis</strong></span> <span class='ocrx_word' id='word_1_223' title='bbox 664 3321 847 3397; x_wconf 89' lang='lat' dir='ltr'><strong>prosiluisse</strong></span> <span class='ocrx_word' id='word_1_224' title='bbox 861 3321 950 3384; x_wconf 90' lang='lat' dir='ltr'><strong>iubis.</strong></span> 
     </span>
     <span class='ocr_line' id='line_1_37' title="bbox 283 3401 963 3484; baseline 0.012 -24"><span class='ocrx_word' id='word_1_225' title='bbox 283 3401 360 3462; x_wconf 90' lang='lat' dir='ltr'><strong>Huic</strong></span> <span class='ocrx_word' id='word_1_226' title='bbox 375 3419 469 3476; x_wconf 90' lang='lat' dir='ltr'><strong>supra</strong></span> <span class='ocrx_word' id='word_1_227' title='bbox 484 3405 580 3464; x_wconf 91' lang='lat' dir='ltr'><strong>nubes</strong></span> <span class='ocrx_word' id='word_1_228' title='bbox 596 3413 625 3464; x_wconf 91' lang='lat' dir='ltr'><strong>et</strong></span> <span class='ocrx_word' id='word_1_229' title='bbox 639 3405 743 3466; x_wconf 85' lang='lat' dir='ltr'><strong>subter</strong></span> <span class='ocrx_word' id='word_1_230' title='bbox 758 3407 860 3468; x_wconf 88' lang='lat' dir='ltr'><strong>sidera</strong></span> <span class='ocrx_word' id='word_1_231' title='bbox 875 3408 963 3484; x_wconf 89' lang='lat' dir='ltr'><strong>lapso</strong></span> 
     </span>
     <span class='ocr_line' id='line_1_38' title="bbox 326 3485 985 3568; baseline 0.018 -24"><span class='ocrx_word' id='word_1_232' title='bbox 326 3485 448 3546; x_wconf 84' lang='lat' dir='ltr'><strong>Caelum</strong></span> <span class='ocrx_word' id='word_1_233' title='bbox 464 3505 521 3562; x_wconf 92' lang='lat' dir='ltr'><strong>pro</strong></span> <span class='ocrx_word' id='word_1_234' title='bbox 537 3497 625 3564; x_wconf 89' lang='lat' dir='ltr'><strong>terra,</strong></span> <span class='ocrx_word' id='word_1_235' title='bbox 646 3507 703 3566; x_wconf 89' lang='lat' dir='ltr'><strong>pro</strong></span> <span class='ocrx_word' id='word_1_236' title='bbox 719 3491 801 3566; x_wconf 93' lang='lat' dir='ltr'><strong>pede</strong></span> <span class='ocrx_word' id='word_1_237' title='bbox 815 3491 908 3568; x_wconf 87' lang='lat' dir='ltr'><strong>pinna</strong></span> <span class='ocrx_word' id='word_1_238' title='bbox 923 3491 985 3558; x_wconf 71' lang='lat' dir='ltr'><strong>rui,</strong></span> 
     </span>
    </p>
   </div>
   <div class='ocr_carea' id='block_1_5' title="bbox 0 0 1250 3924">
    <p class='ocr_par' dir='ltr' id='par_1_5' title="bbox 0 0 1250 3924">
     <span class='ocr_line' id='line_1_39' title="bbox 0 0 1250 3924; baseline 0 0"><span class='ocrx_word' id='word_1_239' title='bbox 0 0 1250 3924; x_wconf 95' lang='lat' dir='ltr'><strong> </strong></span> 
     </span>
    </p>
   </div>
  </div>
 </body>
</html>
