2372 3928
407 243 463 321 nt,
487 243 665 308 raa-196.

108 394 165 456 Ille
180 411 283 456 moras
302 397 394 471 solis,
411 397 524 472 quibus
539 398 568 457 in
587 415 642 458 sua
657 399 746 473 signa
760 398 881 471 rediret,

148 478 289 540 'traditur
303 481 419 541 exactis
436 481 631 556 disposuisse
646 483 737 542 notis.

109 563 141 624 Is
156 563 261 624 decies
277 580 371 625 senos
385 575 552 625 tercentum
567 573 596 626 et
611 567 747 641 quinque
762 565 872 626 diebus

151 647 267 722 Iunxit,
283 657 312 707 ct
327 664 344 709 e
361 650 451 724 pleno
466 658 604 724 tempora
620 657 728 724 quarta
743 651 802 711 die.

46 742 94 796 166
111 731 170 792 Hic
184 732 254 792 anni
270 735 380 793 modus
399 741 454 792 est.
484 735 513 792 in
532 735 658 794 iustrurn
673 736 823 794 accedere
839 733 939 810 debet

149 815 233 890 Quae
247 826 474 878 consummatur
488 817 640 892 partibuS‚
662 836 724 880 una
739 819 816 880 dies.

351 952 395 1021 ,1.
420 953 694 1015 D·K·MAR·bP

109 1069 156 1132 ‘Si
172 1071 241 1132 iicet
257 1072 392 1132 occultos
406 1073 538 1132 monitus
554 1072 661 1132 audire
677 1073 803 1134 deorum

148 1156 294 1230 Vatibus,
318 1163 445 1217 atcerte
461 1156 541 1215 iarna
556 1156 648 1216 licere
665 1163 759 1232 putat,

109 1239 184 1301 Cum
199 1239 243 1301 sis
258 1241 384 1312 officiis,
408 1239 555 1310 Gradive,
580 1239 717 1302 virilibus
733 1249 835 1316 aptus,

39 1330 90 1386 rto
148 1325 204 1389 Dic
218 1325 306 1398 mihi,
329 1332 484 1385 matronae
500 1338 555 1383 cur
568 1331 620 1384 tua
636 1325 716 1385 festa
731 1326 855 1388 colant?

107 1406 161 1469 Sic
172 1423 241 1484 ego.
270 1408 317 1468 sic
332 1409 432 1484 posita
446 1408 522 1468 dixit
536 1408 608 1469 mihi
625 1410 749 1469 casside
764 1409 897 1485 Mavors,

152 1491 215 1554 Sed
231 1493 377 1553 tamenin
393 1492 502 1554 dextra
516 1493 641 1554 missilis
657 1492 746 1552 hasta
762 1491 831 1553 fuit:

106 1573 206 1636 ‘Nunc
221 1575 351 1652 primurn
364 1577 474 1637 studiis
490 1577 591 1652 pacis,
618 1575 695 1636 deus
710 1576 792 1637 utitis
808 1575 911 1650 armis

148 1660 312 1734 Advocor,
335 1668 364 1721 et
378 1675 504 1736 gressus
520 1662 548 1720 in
565 1675 647 1719 nova
661 1667 763 1721 castra
777 1661 853 1719 iero.

42 1751 91 1808 175
106 1742 170 1803 Neo
186 1745 270 1820 piget
283 1743 405 1820 incepti.
436 1745 519 1804 iuvat
532 1743 590 1803 hac
605 1760 728 1821 quoque
744 1751 831 1819 parte
844 1745 965 1822 morari,

148 1827 216 1888 Hoc
228 1829 327 1889 solam
342 1844 431 1888 nese
446 1843 542 1904 posse
556 1827 694 1888 Minerva
709 1836 802 1904 putet.

105 1909 216 1986 D1sce,
238 1911 414 1974 Latinorum
431 1920 516 1972 vates
532 1927 665 1987 operose
680 1912 806 1987 dierum,

149 1994 238 2069 Quod
252 1996 342 2073 petis,
364 2004 395 2056 et
408 1996 534 2056 memori
550 2002 674 2072 pectore
689 1996 771 2056 dicta
785 2002 867 2056 nota.

104 2076 204 2140 Parva
220 2079 289 2155 tuit,
306 2080 332 2140 si
345 2080 441 2156 prima
454 2081 531 2141 veiis
547 2081 696 2140 elementa
710 2081 833 2154 referre,

42 2169 90 2226 180
148 2164 255 2226 Roma.
285 2165 385 2226 sedin
402 2181 498 2241 parva
513 2180 587 2240 spes
602 2172 701 2224 tamen
716 2163 807 2225 huius
824 2169 899 2224 erat.

105 2245 228 2309 Moenia
242 2248 302 2308 iarn
321 2249 456 2318 stabant,
481 2248 604 2324 populis
621 2255 751 2323 angusta
766 2247 883 2321 tuturis

148 2331 268 2393 Credita
283 2333 339 2393 sed
355 2333 463 2394 turbae
476 2341 547 2393 tunc
562 2333 652 2392 nimis
669 2333 771 2406 arnpla
786 2348 872 2394 suae.

105 2413 191 2488 Quae
205 2416 295 2478 fuerit
310 2417 420 2489 nostri,
444 2417 471 2478 si
488 2417 625 2494 quaeris,
647 2416 732 2489 regia
748 2417 817 2487 nati,

146 2500 263 2576 Aspice
278 2501 317 2561 de
332 2517 431 2563 canna
445 2501 705 2576 straminibusque
721 2498 853 2557 domurn.

40 2591 88 2648 185
103 2582 139 2642 In
154 2583 268 2658 stipata
282 2585 395 2660 placidi
411 2586 557 2660 carpebat
571 2598 699 2644 munera
713 2583 821 2657 somni,

146 2667 186 2727 Et
198 2675 300 2729 tarncn
315 2685 354 2730 ex
369 2669 420 2730 iiio
435 2669 562 2729 venitin
578 2677 661 2729 astra
678 2674 754 2729 toro.

101 2750 231 2832 Iamque
245 2754 314 2814 loco
330 2752 429 2813 maius
442 2768 553 2813 nomen
568 2754 724 2813 Romanus
739 2752 886 2813 habebat=

145 2834 209 2895 Nec
224 2837 357 2897 coniunx
371 2836 428 2911 iiii,
451 2851 508 2896 neo
522 2853 613 2898 socer
626 2837 706 2898 ultus
722 2846 795 2898 erat.

102 2916 297 2994 Spernebant
311 2935 442 2996 generos
457 2919 566 2996 Inopes
580 2919 693 2979 vicinio
708 2920 812 2981 dives=

38 3011 86 3066 190
142 3001 180 3062 Et
193 3005 273 3064 nintc
290 3004 438 3065 credebar
453 3003 610 3079 sanguinis
626 3010 734 3064 auctor
749 3019 817 3078 ogo.

102 3085 140 3144 In
154 3087 282 3149 stabulis
303 3088 462 3148 habitasse
482 3096 512 3148 et
528 3103 603 3148 oves
620 3087 747 3163 pavisse
762 3086 904 3161 nocebat,

144 3170 316 3247 iugeraque
331 3171 434 3232 inculti
450 3187 549 3246 pauca
567 3179 672 3232 tenere
687 3172 755 3232 soii.

78 3253 178 3315 ‘cum
194 3271 269 3330 pare
284 3271 427 3332 quaeque
442 3271 500 3315 suo
516 3263 627 3316 coeunt
640 3255 845 3332 volucresque
861 3254 1017 3332 raraeque,

143 3339 246 3414 Atque
261 3339 404 3416 aliquam,
425 3340 464 3401 de
479 3356 540 3414 qua
554 3347 708 3415 procreet,
732 3339 840 3416 anguis
855 3338 958 3405 habet

36 3430 82 3486 ibt
98 3420 252 3484 Extremis
269 3424 378 3485 dantur
392 3423 523 3484 conubia
537 3424 688 3499 gentibus.
717 3429 841 3498 atquae

146 3505 285 3569 Romano
300 3509 392 3568 vellet
406 3507 530 3583 nubere,
553 3508 636 3569 nulia
652 3505 717 3567 fuit.
