<?xml version="1.0" encoding="UTF-8"?>
<!DOCTYPE html PUBLIC "-//W3C//DTD XHTML 1.0 Transitional//EN"
    "http://www.w3.org/TR/xhtml1/DTD/xhtml1-transitional.dtd">
<html xmlns="http://www.w3.org/1999/xhtml" xml:lang="en" lang="en">
 <head>
  <title>
</title>
<meta http-equiv="Content-Type" content="text/html;charset=utf-8" />
  <meta name='ocr-system' content='tesseract 3.04.00' />
  <meta name='ocr-capabilities' content='ocr_page ocr_carea ocr_par ocr_line ocrx_word'/>
</head>
<body>
  <div class='ocr_page' id='page_1' title='image "./povidiusnaso00goog_0276.png"; bbox 0 0 2492 3926; ppageno 0'>
   <div class='ocr_carea' id='block_1_1' title="bbox 461 239 1096 317">
    <p class='ocr_par' dir='ltr' id='par_1_1' title="bbox 461 239 1096 317">
     <span class='ocr_line' id='line_1_1' title="bbox 461 239 1096 317; baseline 0.011 -16"><span class='ocrx_word' id='word_1_1' title='bbox 461 239 714 317; x_wconf 55' lang='lat' dir='ltr'><strong>uisite-iao.</strong></span> <span class='ocrx_word' id='word_1_2' title='bbox 1034 245 1096 310; x_wconf 71' lang='grc'><strong>215</strong></span> 
     </span>
    </p>
   </div>
   <div class='ocr_carea' id='block_1_2' title="bbox 31 392 1075 3566">
    <p class='ocr_par' dir='ltr' id='par_1_2' title="bbox 31 392 1085 3566">
     <span class='ocr_line' id='line_1_2' title="bbox 31 392 858 472; baseline -0.002 -16"><span class='ocrx_word' id='word_1_3' title='bbox 31 421 45 436; x_wconf 91' lang='grc'><em>·</em></span> <span class='ocrx_word' id='word_1_4' title='bbox 153 394 265 472; x_wconf 88' lang='lat' dir='ltr'><strong>thue</strong></span> <span class='ocrx_word' id='word_1_5' title='bbox 280 395 367 470; x_wconf 81' lang='lat' dir='ltr'><strong>piger</strong></span> <span class='ocrx_word' id='word_1_6' title='bbox 381 392 476 469; x_wconf 90' lang='lat' dir='ltr'><strong>pandi</strong></span> <span class='ocrx_word' id='word_1_7' title='bbox 492 398 576 467; x_wconf 85' lang='lat' dir='ltr'><strong>tergo</strong></span> <span class='ocrx_word' id='word_1_8' title='bbox 590 393 747 455; x_wconf 77' lang='lat' dir='ltr'><strong>residebat</strong></span> <span class='ocrx_word' id='word_1_9' title='bbox 760 395 858 468; x_wconf 89' lang='lat' dir='ltr'><strong>aseili,</strong></span> 
     </span>
     <span class='ocr_line' id='line_1_3' title="bbox 57 475 890 556; baseline -0.008 -13"><span class='ocrx_word' id='word_1_10' title='bbox 57 489 138 543; x_wconf 79' lang='lat'><strong>750</strong></span> <span class='ocrx_word' id='word_1_11' title='bbox 202 479 349 555; x_wconf 85' lang='lat' dir='ltr'><strong>Applicat</strong></span> <span class='ocrx_word' id='word_1_12' title='bbox 362 476 442 538; x_wconf 90' lang='lat' dir='ltr'><strong>hunc</strong></span> <span class='ocrx_word' id='word_1_13' title='bbox 457 475 539 536; x_wconf 89' lang='lat' dir='ltr'><strong>ulmo</strong></span> <span class='ocrx_word' id='word_1_14' title='bbox 555 476 781 556; x_wconf 77' lang='lat' dir='ltr'><strong>corticibusque</strong></span> <span class='ocrx_word' id='word_1_15' title='bbox 796 479 890 540; x_wconf 89' lang='lat' dir='ltr'><strong>cavis.</strong></span> 
     </span>
     <span class='ocr_line' id='line_1_4' title="bbox 158 560 864 638; baseline 0 -15"><span class='ocrx_word' id='word_1_16' title='bbox 158 561 303 623; x_wconf 81' lang='lat' dir='ltr'><strong>Constitit</strong></span> <span class='ocrx_word' id='word_1_17' title='bbox 316 560 385 636; x_wconf 91' lang='lat' dir='ltr'><strong>ipse</strong></span> <span class='ocrx_word' id='word_1_18' title='bbox 399 573 495 634; x_wconf 89' lang='lat' dir='ltr'><strong>super</strong></span> <span class='ocrx_word' id='word_1_19' title='bbox 508 573 631 623; x_wconf 86' lang='lat' dir='ltr'><strong>ramoso</strong></span> <span class='ocrx_word' id='word_1_20' title='bbox 647 561 749 638; x_wconf 78' lang='lat' dir='ltr'><strong>stipite</strong></span> <span class='ocrx_word' id='word_1_21' title='bbox 763 563 864 638; x_wconf 87' lang='lat' dir='ltr'><strong>nixus,</strong></span> 
     </span>
     <span class='ocr_line' id='line_1_5' title="bbox 202 643 876 722; baseline 0.001 -17"><span class='ocrx_word' id='word_1_22' title='bbox 202 645 307 722; x_wconf 81' lang='lat' dir='ltr'><strong>Atque</strong></span> <span class='ocrx_word' id='word_1_23' title='bbox 321 643 414 704; x_wconf 88' lang='lat' dir='ltr'><strong>avide</strong></span> <span class='ocrx_word' id='word_1_24' title='bbox 427 649 535 704; x_wconf 90' lang='lat' dir='ltr'><strong>trunco</strong></span> <span class='ocrx_word' id='word_1_25' title='bbox 551 644 674 706; x_wconf 87' lang='lat' dir='ltr'><strong>condita</strong></span> <span class='ocrx_word' id='word_1_26' title='bbox 689 647 779 706; x_wconf 86' lang='lat' dir='ltr'><strong>melta</strong></span> <span class='ocrx_word' id='word_1_27' title='bbox 794 647 876 722; x_wconf 89' lang='lat' dir='ltr'><strong>petit</strong></span> 
     </span>
     <span class='ocr_line' id='line_1_6' title="bbox 158 727 868 801; baseline -0.003 -9"><span class='ocrx_word' id='word_1_28' title='bbox 158 728 246 792; x_wconf 84' lang='lat' dir='ltr'><strong>Milia</strong></span> <span class='ocrx_word' id='word_1_29' title='bbox 259 727 442 790; x_wconf 83' lang='lat' dir='ltr'><strong>crabronum</strong></span> <span class='ocrx_word' id='word_1_30' title='bbox 464 733 589 801; x_wconf 88' lang='lat' dir='ltr'><strong>coeunt,</strong></span> <span class='ocrx_word' id='word_1_31' title='bbox 613 734 642 789; x_wconf 87' lang='lat' dir='ltr'><strong>ct</strong></span> <span class='ocrx_word' id='word_1_32' title='bbox 658 729 770 790; x_wconf 88' lang='lat' dir='ltr'><strong>vertice</strong></span> <span class='ocrx_word' id='word_1_33' title='bbox 785 731 868 791; x_wconf 90' lang='lat' dir='ltr'><strong>nudo</strong></span> 
     </span>
     <span class='ocr_line' id='line_1_7' title="bbox 203 810 853 889; baseline -0.002 -16"><span class='ocrx_word' id='word_1_34' title='bbox 203 811 328 889; x_wconf 86' lang='lat' dir='ltr'><strong>Spionia</strong></span> <span class='ocrx_word' id='word_1_35' title='bbox 343 810 493 886; x_wconf 81' lang='lat' dir='ltr'><strong>defigunt,</strong></span> <span class='ocrx_word' id='word_1_36' title='bbox 517 825 633 886; x_wconf 90' lang='lat' dir='ltr'><strong>oraque</strong></span> <span class='ocrx_word' id='word_1_37' title='bbox 647 811 725 872; x_wconf 92' lang='lat' dir='ltr'><strong>sima</strong></span> <span class='ocrx_word' id='word_1_38' title='bbox 740 820 853 874; x_wconf 85' lang='lat' dir='ltr'><strong>notant</strong></span> 
     </span>
     <span class='ocr_line' id='line_1_8' title="bbox 58 895 870 971; baseline -0.007 -9"><span class='ocrx_word' id='word_1_39' title='bbox 58 907 135 962; x_wconf 83' lang='lat'><strong>755</strong></span> <span class='ocrx_word' id='word_1_40' title='bbox 157 897 217 959; x_wconf 91' lang='lat' dir='ltr'><strong>lile</strong></span> <span class='ocrx_word' id='word_1_41' title='bbox 231 896 313 957; x_wconf 87' lang='lat' dir='ltr'><strong>cadit</strong></span> <span class='ocrx_word' id='word_1_42' title='bbox 327 909 486 971; x_wconf 86' lang='lat' dir='ltr'><strong>praeceps,</strong></span> <span class='ocrx_word' id='word_1_43' title='bbox 510 899 541 954; x_wconf 93' lang='lat' dir='ltr'><strong>et</strong></span> <span class='ocrx_word' id='word_1_44' title='bbox 555 895 640 956; x_wconf 87' lang='lat' dir='ltr'><strong>calce</strong></span> <span class='ocrx_word' id='word_1_45' title='bbox 655 896 760 956; x_wconf 81' lang='grc'><strong>11111111</strong></span> <span class='ocrx_word' id='word_1_46' title='bbox 773 897 870 971; x_wconf 89' lang='lat' dir='ltr'><strong>aselli,</strong></span> 
     </span>
     <span class='ocr_line' id='line_1_9' title="bbox 201 979 856 1054; baseline -0.003 -14"><span class='ocrx_word' id='word_1_47' title='bbox 201 980 408 1054; x_wconf 81' lang='lat' dir='ltr'><strong>inclamatque</strong></span> <span class='ocrx_word' id='word_1_48' title='bbox 422 993 514 1050; x_wconf 87' lang='lat' dir='ltr'><strong>suos,</strong></span> <span class='ocrx_word' id='word_1_49' title='bbox 537 979 746 1054; x_wconf 83' lang='lat' dir='ltr'><strong>auxiliumque</strong></span> <span class='ocrx_word' id='word_1_50' title='bbox 759 986 856 1054; x_wconf 81' lang='lat' dir='ltr'><strong>rogat.</strong></span> 
     </span>
     <span class='ocr_line' id='line_1_10' title="bbox 158 1062 928 1140; baseline -0.004 -14"><span class='ocrx_word' id='word_1_51' title='bbox 158 1065 352 1126; x_wconf 82' lang='lat' dir='ltr'><strong>concurrunt</strong></span> <span class='ocrx_word' id='word_1_52' title='bbox 366 1062 471 1140; x_wconf 83' lang='lat' dir='ltr'><strong>satyri,</strong></span> <span class='ocrx_word' id='word_1_53' title='bbox 494 1063 705 1139; x_wconf 81' lang='lat' dir='ltr'><strong>turgentiaque</strong></span> <span class='ocrx_word' id='word_1_54' title='bbox 723 1079 779 1123; x_wconf 89' lang='lat' dir='ltr'><strong>ora</strong></span> <span class='ocrx_word' id='word_1_55' title='bbox 793 1063 928 1139; x_wconf 90' lang='lat' dir='ltr'><strong>parentis</strong></span> 
     </span>
     <span class='ocr_line' id='line_1_11' title="bbox 202 1145 1022 1223; baseline -0.002 -13"><span class='ocrx_word' id='word_1_56' title='bbox 202 1147 322 1210; x_wconf 85' lang='lat' dir='ltr'><strong>Rident.</strong></span> <span class='ocrx_word' id='word_1_57' title='bbox 351 1161 501 1223; x_wconf 88' lang='lat' dir='ltr'><strong>percusso</strong></span> <span class='ocrx_word' id='word_1_58' title='bbox 517 1147 669 1208; x_wconf 80' lang='lat' dir='ltr'><strong>claudicat</strong></span> <span class='ocrx_word' id='word_1_59' title='bbox 682 1147 732 1206; x_wconf 88' lang='lat' dir='ltr'><strong>iiic</strong></span> <span class='ocrx_word' id='word_1_60' title='bbox 748 1162 838 1222; x_wconf 82' lang='lat' dir='ltr'><strong>genu.</strong></span> <span class='ocrx_word' id='word_1_61' title='bbox 887 1163 895 1184; x_wconf 73' lang='lat'><strong>⁴</strong></span> <span class='ocrx_word' id='word_1_62' title='bbox 1016 1145 1022 1162; x_wconf 63' lang='lat'>⁸</span> 
     </span>
     <span class='ocr_line' id='line_1_12' title="bbox 157 1230 995 1308; baseline -0.004 -15"><span class='ocrx_word' id='word_1_63' title='bbox 157 1231 252 1294; x_wconf 84' lang='lat' dir='ltr'><strong>Ridet</strong></span> <span class='ocrx_word' id='word_1_64' title='bbox 265 1238 295 1292; x_wconf 87' lang='lat' dir='ltr'><strong>et</strong></span> <span class='ocrx_word' id='word_1_65' title='bbox 310 1232 377 1308; x_wconf 89' lang='lat' dir='ltr'><strong>ipse</strong></span> <span class='ocrx_word' id='word_1_66' title='bbox 389 1231 475 1302; x_wconf 87' lang='lat' dir='ltr'><strong>deus,</strong></span> <span class='ocrx_word' id='word_1_67' title='bbox 499 1230 665 1306; x_wconf 90' lang='lat' dir='ltr'><strong>limumque</strong></span> <span class='ocrx_word' id='word_1_68' title='bbox 680 1232 825 1292; x_wconf 89' lang='lat' dir='ltr'><strong>inducere</strong></span> <span class='ocrx_word' id='word_1_69' title='bbox 840 1237 995 1292; x_wconf 87' lang='lat' dir='ltr'><strong>monstrat.</strong></span> 
     </span>
     <span class='ocr_line' id='line_1_13' title="bbox 57 1314 797 1391; baseline 0.001 -15"><span class='ocrx_word' id='word_1_70' title='bbox 57 1330 134 1386; x_wconf 83' lang='lat'><strong>760</strong></span> <span class='ocrx_word' id='word_1_71' title='bbox 199 1315 257 1376; x_wconf 87' lang='lat' dir='ltr'><strong>Hic</strong></span> <span class='ocrx_word' id='word_1_72' title='bbox 271 1323 358 1391; x_wconf 87' lang='lat' dir='ltr'><strong>paret</strong></span> <span class='ocrx_word' id='word_1_73' title='bbox 372 1314 510 1387; x_wconf 89' lang='lat' dir='ltr'><strong>monitis,</strong></span> <span class='ocrx_word' id='word_1_74' title='bbox 533 1320 563 1374; x_wconf 87' lang='lat' dir='ltr'><strong>ct</strong></span> <span class='ocrx_word' id='word_1_75' title='bbox 576 1315 641 1374; x_wconf 89' lang='lat' dir='ltr'><strong>iinit</strong></span> <span class='ocrx_word' id='word_1_76' title='bbox 655 1331 709 1376; x_wconf 92' lang='lat' dir='ltr'><strong>ora</strong></span> <span class='ocrx_word' id='word_1_77' title='bbox 722 1317 797 1377; x_wconf 77' lang='lat' dir='ltr'><strong>iuto.</strong></span> 
     </span>
     <span class='ocr_line' id='line_1_14' title="bbox 155 1396 875 1476; baseline -0.001 -15"><span class='ocrx_word' id='word_1_78' title='bbox 155 1400 251 1461; x_wconf 86' lang='lat' dir='ltr'><strong>Melie</strong></span> <span class='ocrx_word' id='word_1_79' title='bbox 267 1404 352 1475; x_wconf 86' lang='lat' dir='ltr'><strong>pater</strong></span> <span class='ocrx_word' id='word_1_80' title='bbox 366 1397 481 1459; x_wconf 82' lang='lat' dir='ltr'><strong>inuitur.</strong></span> <span class='ocrx_word' id='word_1_81' title='bbox 512 1396 636 1476; x_wconf 90' lang='lat' dir='ltr'><strong>liboque</strong></span> <span class='ocrx_word' id='word_1_82' title='bbox 651 1400 752 1462; x_wconf 87' lang='lat' dir='ltr'><strong>iniusu</strong></span> <span class='ocrx_word' id='word_1_83' title='bbox 766 1401 875 1461; x_wconf 86' lang='lat' dir='ltr'><strong>calenti</strong></span> 
     </span>
     <span class='ocr_line' id='line_1_15' title="bbox 200 1482 815 1559; baseline 0 -17"><span class='ocrx_word' id='word_1_84' title='bbox 200 1483 269 1544; x_wconf 88' lang='lat' dir='ltr'><strong>Iuro</strong></span> <span class='ocrx_word' id='word_1_85' title='bbox 282 1482 431 1559; x_wconf 87' lang='lat' dir='ltr'><strong>repertori</strong></span> <span class='ocrx_word' id='word_1_86' title='bbox 446 1482 579 1543; x_wconf 88' lang='lat' dir='ltr'><strong>candida</strong></span> <span class='ocrx_word' id='word_1_87' title='bbox 593 1484 683 1544; x_wconf 85' lang='lat' dir='ltr'><strong>melia</strong></span> <span class='ocrx_word' id='word_1_88' title='bbox 697 1485 815 1545; x_wconf 89' lang='lat' dir='ltr'><strong>dumus.</strong></span> 
     </span>
     <span class='ocr_line' id='line_1_16' title="bbox 154 1567 938 1643; baseline -0.005 -14"><span class='ocrx_word' id='word_1_89' title='bbox 154 1567 285 1629; x_wconf 86' lang='lat' dir='ltr'><strong>Femina</strong></span> <span class='ocrx_word' id='word_1_90' title='bbox 299 1582 353 1628; x_wconf 86' lang='lat' dir='ltr'><strong>cur</strong></span> <span class='ocrx_word' id='word_1_91' title='bbox 365 1573 500 1643; x_wconf 87' lang='lat' dir='ltr'><strong>presset,</strong></span> <span class='ocrx_word' id='word_1_92' title='bbox 525 1583 585 1628; x_wconf 92' lang='lat' dir='ltr'><strong>non</strong></span> <span class='ocrx_word' id='word_1_93' title='bbox 601 1574 649 1628; x_wconf 91' lang='lat' dir='ltr'><strong>est</strong></span> <span class='ocrx_word' id='word_1_94' title='bbox 662 1567 787 1629; x_wconf 87' lang='lat' dir='ltr'><strong>rationis</strong></span> <span class='ocrx_word' id='word_1_95' title='bbox 803 1576 938 1643; x_wconf 87' lang='lat' dir='ltr'><strong>opertae.</strong></span> 
     </span>
     <span class='ocr_line' id='line_1_17' title="bbox 200 1651 832 1730; baseline -0.003 -18"><span class='ocrx_word' id='word_1_96' title='bbox 200 1651 362 1713; x_wconf 87' lang='lat' dir='ltr'><strong>Femineos</strong></span> <span class='ocrx_word' id='word_1_97' title='bbox 375 1651 484 1730; x_wconf 82' lang='lat' dir='ltr'><strong>thyrso</strong></span> <span class='ocrx_word' id='word_1_98' title='bbox 500 1652 632 1712; x_wconf 87' lang='lat' dir='ltr'><strong>concitat</strong></span> <span class='ocrx_word' id='word_1_99' title='bbox 644 1653 695 1712; x_wconf 86' lang='lat' dir='ltr'><strong>iiie</strong></span> <span class='ocrx_word' id='word_1_100' title='bbox 711 1653 832 1713; x_wconf 89' lang='lat' dir='ltr'><strong>choros.</strong></span> 
     </span>
     <span class='ocr_line' id='line_1_18' title="bbox 60 1735 931 1812; baseline -0.011 -6"><span class='ocrx_word' id='word_1_101' title='bbox 60 1749 135 1806; x_wconf 81' lang='grc'><strong>765</strong></span> <span class='ocrx_word' id='word_1_102' title='bbox 156 1735 222 1798; x_wconf 86' lang='lat' dir='ltr'><strong>Cur</strong></span> <span class='ocrx_word' id='word_1_103' title='bbox 235 1751 311 1796; x_wconf 91' lang='lat' dir='ltr'><strong>anus</strong></span> <span class='ocrx_word' id='word_1_104' title='bbox 326 1735 386 1796; x_wconf 89' lang='lat' dir='ltr'><strong>hoc</strong></span> <span class='ocrx_word' id='word_1_105' title='bbox 401 1735 506 1807; x_wconf 86' lang='lat' dir='ltr'><strong>iaciat,</strong></span> <span class='ocrx_word' id='word_1_106' title='bbox 530 1736 674 1812; x_wconf 70' lang='lat' dir='ltr'><strong>quaeris?</strong></span> <span class='ocrx_word' id='word_1_107' title='bbox 694 1736 833 1797; x_wconf 86' lang='lat' dir='ltr'><strong>vinosior</strong></span> <span class='ocrx_word' id='word_1_108' title='bbox 847 1741 931 1796; x_wconf 82' lang='lat' dir='ltr'><strong>actas</strong></span> 
     </span>
     <span class='ocr_line' id='line_1_19' title="bbox 198 1813 946 1894; baseline -0.001 -16"><span class='ocrx_word' id='word_1_109' title='bbox 198 1813 283 1880; x_wconf 83' lang='lat' dir='ltr'><strong>Haec</strong></span> <span class='ocrx_word' id='word_1_110' title='bbox 300 1825 378 1892; x_wconf 86' lang='lat' dir='ltr'><strong>crat,</strong></span> <span class='ocrx_word' id='word_1_111' title='bbox 400 1824 429 1879; x_wconf 89' lang='lat' dir='ltr'><strong>et</strong></span> <span class='ocrx_word' id='word_1_112' title='bbox 444 1819 590 1894; x_wconf 82' lang='lat' dir='ltr'><strong>gravidae</strong></span> <span class='ocrx_word' id='word_1_113' title='bbox 606 1835 732 1880; x_wconf 86' lang='lat' dir='ltr'><strong>munera</strong></span> <span class='ocrx_word' id='word_1_114' title='bbox 747 1820 816 1881; x_wconf 92' lang='lat' dir='ltr'><strong>vitis</strong></span> <span class='ocrx_word' id='word_1_115' title='bbox 831 1835 946 1878; x_wconf 90' lang='lat' dir='ltr'><strong>arnans.</strong></span> 
     </span>
     <span class='ocr_line' id='line_1_20' title="bbox 156 1901 1075 1980; baseline -0.004 -16"><span class='ocrx_word' id='word_1_116' title='bbox 156 1904 222 1964; x_wconf 82' lang='lat' dir='ltr'><strong>cur</strong></span> <span class='ocrx_word' id='word_1_117' title='bbox 234 1902 348 1963; x_wconf 88' lang='lat' dir='ltr'><strong>hedera</strong></span> <span class='ocrx_word' id='word_1_118' title='bbox 363 1903 461 1964; x_wconf 86' lang='lat' dir='ltr'><strong>cincta</strong></span> <span class='ocrx_word' id='word_1_119' title='bbox 476 1910 544 1964; x_wconf 76' lang='lat' dir='ltr'><strong>est‘i</strong></span> <span class='ocrx_word' id='word_1_120' title='bbox 565 1902 680 1965; x_wconf 87' lang='lat' dir='ltr'><strong>hedera</strong></span> <span class='ocrx_word' id='word_1_121' title='bbox 694 1911 742 1966; x_wconf 88' lang='lat' dir='ltr'><strong>est</strong></span> <span class='ocrx_word' id='word_1_122' title='bbox 754 1903 929 1980; x_wconf 79' lang='lat' dir='ltr'><strong>gratissima</strong></span> <span class='ocrx_word' id='word_1_123' title='bbox 942 1901 1075 1961; x_wconf 86' lang='lat' dir='ltr'><strong>Baccho.</strong></span> 
     </span>
     <span class='ocr_line' id='line_1_21' title="bbox 201 1987 996 2064; baseline -0.003 -18"><span class='ocrx_word' id='word_1_124' title='bbox 201 1987 268 2048; x_wconf 87' lang='grc'><strong>1111</strong></span> <span class='ocrx_word' id='word_1_125' title='bbox 282 2001 406 2064; x_wconf 88' lang='lat' dir='ltr'><strong>quoque</strong></span> <span class='ocrx_word' id='word_1_126' title='bbox 422 2003 477 2059; x_wconf 82' lang='lat' dir='ltr'><strong>cur</strong></span> <span class='ocrx_word' id='word_1_127' title='bbox 492 1987 534 2047; x_wconf 90' lang='lat' dir='ltr'><strong>ita</strong></span> <span class='ocrx_word' id='word_1_128' title='bbox 549 1987 604 2063; x_wconf 86' lang='lat' dir='ltr'><strong>sit,</strong></span> <span class='ocrx_word' id='word_1_129' title='bbox 620 1988 722 2049; x_wconf 88' lang='lat' dir='ltr'><strong>dicere</strong></span> <span class='ocrx_word' id='word_1_130' title='bbox 737 1988 821 2048; x_wconf 88' lang='lat' dir='ltr'><strong>nulia</strong></span> <span class='ocrx_word' id='word_1_131' title='bbox 839 2002 925 2046; x_wconf 89' lang='lat' dir='ltr'><strong>mora</strong></span> <span class='ocrx_word' id='word_1_132' title='bbox 939 1993 996 2046; x_wconf 86' lang='lat' dir='ltr'><strong>est.</strong></span> 
     </span>
     <span class='ocr_line' id='line_1_22' title="bbox 154 2070 960 2149; baseline -0.002 -19"><span class='ocrx_word' id='word_1_133' title='bbox 154 2071 314 2149; x_wconf 80' lang='lat' dir='ltr'><strong>Nysiadas</strong></span> <span class='ocrx_word' id='word_1_134' title='bbox 329 2070 481 2147; x_wconf 83' lang='lat' dir='ltr'><strong>nymphas</strong></span> <span class='ocrx_word' id='word_1_135' title='bbox 496 2086 628 2148; x_wconf 89' lang='lat' dir='ltr'><strong>puerum</strong></span> <span class='ocrx_word' id='word_1_136' title='bbox 642 2078 809 2148; x_wconf 88' lang='lat' dir='ltr'><strong>quaerente</strong></span> <span class='ocrx_word' id='word_1_137' title='bbox 827 2085 960 2130; x_wconf 87' lang='lat' dir='ltr'><strong>noverca</strong></span> 
     </span>
     <span class='ocr_line' id='line_1_23' title="bbox 59 2154 869 2230; baseline -0.007 -12"><span class='ocrx_word' id='word_1_138' title='bbox 59 2163 133 2218; x_wconf 80' lang='lat'><strong>770</strong></span> <span class='ocrx_word' id='word_1_139' title='bbox 200 2155 285 2214; x_wconf 89' lang='lat' dir='ltr'><strong>Hanc</strong></span> <span class='ocrx_word' id='word_1_140' title='bbox 300 2154 439 2213; x_wconf 90' lang='lat' dir='ltr'><strong>irondcm</strong></span> <span class='ocrx_word' id='word_1_141' title='bbox 455 2155 543 2215; x_wconf 91' lang='lat' dir='ltr'><strong>cunis</strong></span> <span class='ocrx_word' id='word_1_142' title='bbox 560 2154 746 2230; x_wconf 89' lang='lat' dir='ltr'><strong>opposuisse</strong></span> <span class='ocrx_word' id='word_1_143' title='bbox 762 2156 869 2215; x_wconf 87' lang='lat' dir='ltr'><strong>ierunt.</strong></span> 
     </span>
     <span class='ocr_line' id='line_1_24' title="bbox 154 2237 929 2314; baseline -0.001 -15"><span class='ocrx_word' id='word_1_144' title='bbox 154 2239 278 2310; x_wconf 86' lang='lat' dir='ltr'><strong>Restat,</strong></span> <span class='ocrx_word' id='word_1_145' title='bbox 299 2243 333 2298; x_wconf 90' lang='lat' dir='ltr'><strong>ut</strong></span> <span class='ocrx_word' id='word_1_146' title='bbox 346 2237 513 2313; x_wconf 88' lang='lat' dir='ltr'><strong>inveniam,</strong></span> <span class='ocrx_word' id='word_1_147' title='bbox 536 2254 631 2314; x_wconf 90' lang='lat' dir='ltr'><strong>quare</strong></span> <span class='ocrx_word' id='word_1_148' title='bbox 644 2246 717 2312; x_wconf 78' lang='lat' dir='ltr'><strong>toga</strong></span> <span class='ocrx_word' id='word_1_149' title='bbox 731 2238 827 2299; x_wconf 89' lang='lat' dir='ltr'><strong>libera</strong></span> <span class='ocrx_word' id='word_1_150' title='bbox 841 2239 929 2298; x_wconf 92' lang='lat' dir='ltr'><strong>detur</strong></span> 
     </span>
     <span class='ocr_line' id='line_1_25' title="bbox 200 2321 861 2398; baseline -0.005 -16"><span class='ocrx_word' id='word_1_151' title='bbox 200 2321 340 2382; x_wconf 79' lang='lat' dir='ltr'><strong>Lucifero</strong></span> <span class='ocrx_word' id='word_1_152' title='bbox 357 2322 474 2397; x_wconf 88' lang='lat' dir='ltr'><strong>pueris,</strong></span> <span class='ocrx_word' id='word_1_153' title='bbox 496 2322 628 2382; x_wconf 88' lang='lat' dir='ltr'><strong>candide</strong></span> <span class='ocrx_word' id='word_1_154' title='bbox 640 2322 777 2398; x_wconf 86' lang='lat' dir='ltr'><strong>Bacche,</strong></span> <span class='ocrx_word' id='word_1_155' title='bbox 800 2329 861 2383; x_wconf 91' lang='lat' dir='ltr'><strong>tuo.</strong></span> 
     </span>
     <span class='ocr_line' id='line_1_26' title="bbox 155 2403 973 2482; baseline -0.006 -15"><span class='ocrx_word' id='word_1_156' title='bbox 155 2406 233 2467; x_wconf 88' lang='lat' dir='ltr'><strong>Sive</strong></span> <span class='ocrx_word' id='word_1_157' title='bbox 248 2405 332 2480; x_wconf 91' lang='lat' dir='ltr'><strong>quod</strong></span> <span class='ocrx_word' id='word_1_158' title='bbox 346 2406 414 2481; x_wconf 88' lang='lat' dir='ltr'><strong>ipse</strong></span> <span class='ocrx_word' id='word_1_159' title='bbox 428 2421 505 2482; x_wconf 92' lang='lat' dir='ltr'><strong>puer</strong></span> <span class='ocrx_word' id='word_1_160' title='bbox 518 2420 642 2482; x_wconf 89' lang='lat' dir='ltr'><strong>semper</strong></span> <span class='ocrx_word' id='word_1_161' title='bbox 655 2407 837 2481; x_wconf 88' lang='lat' dir='ltr'><strong>iuvenisque</strong></span> <span class='ocrx_word' id='word_1_162' title='bbox 850 2403 973 2478; x_wconf 90' lang='lat' dir='ltr'><strong>videris,</strong></span> 
     </span>
     <span class='ocr_line' id='line_1_27' title="bbox 198 2488 861 2564; baseline -0.005 -16"><span class='ocrx_word' id='word_1_163' title='bbox 198 2489 239 2551; x_wconf 86' lang='grc'><strong>111</strong></span> <span class='ocrx_word' id='word_1_164' title='bbox 251 2489 414 2549; x_wconf 87' lang='lat' dir='ltr'><strong>mediaest</strong></span> <span class='ocrx_word' id='word_1_165' title='bbox 428 2495 514 2550; x_wconf 87' lang='lat' dir='ltr'><strong>aetas</strong></span> <span class='ocrx_word' id='word_1_166' title='bbox 527 2489 606 2550; x_wconf 86' lang='lat' dir='ltr'><strong>inter</strong></span> <span class='ocrx_word' id='word_1_167' title='bbox 620 2497 781 2564; x_wconf 88' lang='lat' dir='ltr'><strong>utrumque</strong></span> <span class='ocrx_word' id='word_1_168' title='bbox 794 2488 861 2550; x_wconf 81' lang='lat' dir='ltr'><strong>tibi:</strong></span> 
     </span>
     <span class='ocr_line' id='line_1_28' title="bbox 63 2572 973 2650; baseline -0.012 -10"><span class='ocrx_word' id='word_1_169' title='bbox 63 2582 136 2640; x_wconf 83' lang='lat'><strong>775</strong></span> <span class='ocrx_word' id='word_1_170' title='bbox 154 2572 224 2634; x_wconf 90' lang='lat' dir='ltr'><strong>Seu</strong></span> <span class='ocrx_word' id='word_1_171' title='bbox 238 2573 309 2648; x_wconf 89' lang='lat' dir='ltr'><strong>quia</strong></span> <span class='ocrx_word' id='word_1_172' title='bbox 324 2580 355 2634; x_wconf 90' lang='lat' dir='ltr'><strong>tu</strong></span> <span class='ocrx_word' id='word_1_173' title='bbox 369 2579 456 2649; x_wconf 89' lang='lat' dir='ltr'><strong>pater</strong></span> <span class='ocrx_word' id='word_1_174' title='bbox 470 2588 514 2648; x_wconf 89' lang='lat' dir='ltr'><strong>es,</strong></span> <span class='ocrx_word' id='word_1_175' title='bbox 534 2581 638 2649; x_wconf 89' lang='lat' dir='ltr'><strong>patres</strong></span> <span class='ocrx_word' id='word_1_176' title='bbox 654 2589 711 2634; x_wconf 89' lang='lat' dir='ltr'><strong>sua</strong></span> <span class='ocrx_word' id='word_1_177' title='bbox 726 2575 862 2650; x_wconf 82' lang='lat' dir='ltr'><strong>pignora,</strong></span> <span class='ocrx_word' id='word_1_178' title='bbox 885 2580 973 2632; x_wconf 90' lang='lat' dir='ltr'><strong>natos</strong></span> 
     </span>
     <span class='ocr_line' id='line_1_29' title="bbox 202 2656 871 2734; baseline -0.001 -17"><span class='ocrx_word' id='word_1_179' title='bbox 202 2656 423 2718; x_wconf 81' lang='lat' dir='ltr'><strong>commendant</strong></span> <span class='ocrx_word' id='word_1_180' title='bbox 438 2672 532 2719; x_wconf 85' lang='lat' dir='ltr'><strong>curae</strong></span> <span class='ocrx_word' id='word_1_181' title='bbox 547 2659 782 2734; x_wconf 90' lang='lat' dir='ltr'><strong>numinibusque</strong></span> <span class='ocrx_word' id='word_1_182' title='bbox 797 2656 871 2717; x_wconf 85' lang='lat' dir='ltr'><strong>tuis:</strong></span> 
     </span>
     <span class='ocr_line' id='line_1_30' title="bbox 155 2739 1010 2818; baseline -0.006 -16"><span class='ocrx_word' id='word_1_183' title='bbox 155 2741 250 2816; x_wconf 85' lang='lat' dir='ltr'><strong>Sive,</strong></span> <span class='ocrx_word' id='word_1_184' title='bbox 274 2741 358 2815; x_wconf 91' lang='lat' dir='ltr'><strong>quod</strong></span> <span class='ocrx_word' id='word_1_185' title='bbox 372 2755 406 2802; x_wconf 87' lang='lat' dir='ltr'><strong>es</strong></span> <span class='ocrx_word' id='word_1_186' title='bbox 421 2741 526 2816; x_wconf 89' lang='lat' dir='ltr'><strong>Liber,</strong></span> <span class='ocrx_word' id='word_1_187' title='bbox 550 2744 645 2803; x_wconf 89' lang='lat' dir='ltr'><strong>vestis</strong></span> <span class='ocrx_word' id='word_1_188' title='bbox 662 2757 787 2818; x_wconf 87' lang='lat' dir='ltr'><strong>quoque</strong></span> <span class='ocrx_word' id='word_1_189' title='bbox 801 2739 896 2800; x_wconf 86' lang='lat' dir='ltr'><strong>libera</strong></span> <span class='ocrx_word' id='word_1_190' title='bbox 911 2754 966 2814; x_wconf 91' lang='lat' dir='ltr'><strong>per</strong></span> <span class='ocrx_word' id='word_1_191' title='bbox 979 2745 1010 2799; x_wconf 88' lang='lat' dir='ltr'><strong>te</strong></span> 
     </span>
     <span class='ocr_line' id='line_1_31' title="bbox 202 2822 729 2888; baseline -0.008 -3"><span class='ocrx_word' id='word_1_192' title='bbox 202 2822 336 2885; x_wconf 88' lang='lat' dir='ltr'><strong>Sumitur</strong></span> <span class='ocrx_word' id='word_1_193' title='bbox 354 2832 383 2886; x_wconf 93' lang='lat' dir='ltr'><strong>et</strong></span> <span class='ocrx_word' id='word_1_194' title='bbox 397 2827 477 2886; x_wconf 86' lang='lat' dir='ltr'><strong>vitae</strong></span> <span class='ocrx_word' id='word_1_195' title='bbox 491 2824 641 2888; x_wconf 87' lang='lat' dir='ltr'><strong>liberioris</strong></span> <span class='ocrx_word' id='word_1_196' title='bbox 658 2825 729 2885; x_wconf 79' lang='lat' dir='ltr'><strong>iter:</strong></span> 
     </span>
     <span class='ocr_line' id='line_1_32' title="bbox 153 2909 965 2985; baseline -0.002 -17"><span class='ocrx_word' id='word_1_197' title='bbox 153 2910 209 2968; x_wconf 79' lang='lat' dir='ltr'><strong>An</strong></span> <span class='ocrx_word' id='word_1_198' title='bbox 227 2909 298 2982; x_wconf 88' lang='lat' dir='ltr'><strong>quia</strong></span> <span class='ocrx_word' id='word_1_199' title='bbox 313 2954 320 2980; x_wconf 92' lang='lat'><strong><em>‚</em></strong></span> <span class='ocrx_word' id='word_1_200' title='bbox 337 2924 406 2968; x_wconf 90' lang='lat' dir='ltr'><strong>curn</strong></span> <span class='ocrx_word' id='word_1_201' title='bbox 421 2910 557 2970; x_wconf 90' lang='lat' dir='ltr'><strong>coierent</strong></span> <span class='ocrx_word' id='word_1_202' title='bbox 570 2909 664 2985; x_wconf 86' lang='lat' dir='ltr'><strong>prisci</strong></span> <span class='ocrx_word' id='word_1_203' title='bbox 681 2909 849 2970; x_wconf 89' lang='lat' dir='ltr'><strong>studiosius</strong></span> <span class='ocrx_word' id='word_1_204' title='bbox 864 2922 965 2982; x_wconf 81' lang='lat' dir='ltr'><strong>agros,</strong></span> 
     </span>
     <span class='ocr_line' id='line_1_33' title="bbox 56 2991 806 3068; baseline 0.003 -19"><span class='ocrx_word' id='word_1_205' title='bbox 56 3005 129 3060; x_wconf 80' lang='lat'><strong>780</strong></span> <span class='ocrx_word' id='word_1_206' title='bbox 197 2991 236 3050; x_wconf 84' lang='lat' dir='ltr'><strong>Et</strong></span> <span class='ocrx_word' id='word_1_207' title='bbox 250 2993 364 3052; x_wconf 85' lang='lat' dir='ltr'><strong>iaceret</strong></span> <span class='ocrx_word' id='word_1_208' title='bbox 378 2993 476 3068; x_wconf 86' lang='lat' dir='ltr'><strong>patrio</strong></span> <span class='ocrx_word' id='word_1_209' title='bbox 492 3009 562 3053; x_wconf 88' lang='lat' dir='ltr'><strong>rure</strong></span> <span class='ocrx_word' id='word_1_210' title='bbox 578 2999 702 3054; x_wconf 87' lang='lat' dir='ltr'><strong>senator</strong></span> <span class='ocrx_word' id='word_1_211' title='bbox 716 3007 806 3068; x_wconf 88' lang='lat' dir='ltr'><strong>opus,</strong></span> 
     </span>
     <span class='ocr_line' id='line_1_34' title="bbox 153 3075 846 3151; baseline 0 -16"><span class='ocrx_word' id='word_1_212' title='bbox 153 3076 196 3136; x_wconf 83' lang='lat' dir='ltr'><strong>Et</strong></span> <span class='ocrx_word' id='word_1_213' title='bbox 213 3084 336 3151; x_wconf 90' lang='lat' dir='ltr'><strong>caperet</strong></span> <span class='ocrx_word' id='word_1_214' title='bbox 350 3076 452 3137; x_wconf 82' lang='lat' dir='ltr'><strong>fasces</strong></span> <span class='ocrx_word' id='word_1_215' title='bbox 468 3093 487 3138; x_wconf 90' lang='lat' dir='ltr'><strong>a</strong></span> <span class='ocrx_word' id='word_1_216' title='bbox 501 3093 597 3137; x_wconf 86' lang='lat' dir='ltr'><strong>curuo</strong></span> <span class='ocrx_word' id='word_1_217' title='bbox 613 3075 721 3138; x_wconf 89' lang='lat' dir='ltr'><strong>consui</strong></span> <span class='ocrx_word' id='word_1_218' title='bbox 737 3083 846 3148; x_wconf 87' lang='lat' dir='ltr'><strong>aratro,</strong></span> 
     </span>
     <span class='ocr_line' id='line_1_35' title="bbox 200 3158 863 3228; baseline 0 -10"><span class='ocrx_word' id='word_1_219' title='bbox 200 3158 264 3218; x_wconf 88' lang='lat' dir='ltr'><strong>Nec</strong></span> <span class='ocrx_word' id='word_1_220' title='bbox 280 3159 392 3219; x_wconf 87' lang='lat' dir='ltr'><strong>crimen</strong></span> <span class='ocrx_word' id='word_1_221' title='bbox 408 3161 501 3221; x_wconf 91' lang='lat' dir='ltr'><strong>duras</strong></span> <span class='ocrx_word' id='word_1_222' title='bbox 516 3168 600 3221; x_wconf 88' lang='lat' dir='ltr'><strong>esset</strong></span> <span class='ocrx_word' id='word_1_223' title='bbox 614 3159 727 3219; x_wconf 88' lang='lat' dir='ltr'><strong>habere</strong></span> <span class='ocrx_word' id='word_1_224' title='bbox 745 3175 863 3228; x_wconf 89' lang='lat' dir='ltr'><strong>manus,</strong></span> 
     </span>
     <span class='ocr_line' id='line_1_36' title="bbox 151 3241 982 3319; baseline -0.007 -15"><span class='ocrx_word' id='word_1_225' title='bbox 151 3242 305 3304; x_wconf 88' lang='lat' dir='ltr'><strong>Rusticus</strong></span> <span class='ocrx_word' id='word_1_226' title='bbox 320 3243 359 3302; x_wconf 89' lang='lat' dir='ltr'><strong>ad</strong></span> <span class='ocrx_word' id='word_1_227' title='bbox 373 3243 465 3303; x_wconf 90' lang='lat' dir='ltr'><strong>iudos</strong></span> <span class='ocrx_word' id='word_1_228' title='bbox 480 3246 612 3319; x_wconf 91' lang='lat' dir='ltr'><strong>popuius</strong></span> <span class='ocrx_word' id='word_1_229' title='bbox 628 3242 769 3302; x_wconf 87' lang='lat' dir='ltr'><strong>veniebat</strong></span> <span class='ocrx_word' id='word_1_230' title='bbox 783 3242 813 3301; x_wconf 93' lang='lat' dir='ltr'><strong>in</strong></span> <span class='ocrx_word' id='word_1_231' title='bbox 830 3241 957 3302; x_wconf 76' lang='lat' dir='ltr'><strong>Urbem:</strong></span> <span class='ocrx_word' id='word_1_232' title='bbox 977 3270 982 3286; x_wconf 58' lang='grc' dir='ltr'><em>ι</em></span> 
     </span>
     <span class='ocr_line' id='line_1_37' title="bbox 201 3322 883 3399; baseline -0.003 -13"><span class='ocrx_word' id='word_1_233' title='bbox 201 3322 266 3386; x_wconf 84' lang='lat' dir='ltr'><strong>Sed</strong></span> <span class='ocrx_word' id='word_1_234' title='bbox 282 3325 344 3399; x_wconf 90' lang='lat' dir='ltr'><strong>dis,</strong></span> <span class='ocrx_word' id='word_1_235' title='bbox 367 3343 428 3387; x_wconf 93' lang='lat' dir='ltr'><strong>non</strong></span> <span class='ocrx_word' id='word_1_236' title='bbox 443 3327 552 3386; x_wconf 91' lang='lat' dir='ltr'><strong>studiis</strong></span> <span class='ocrx_word' id='word_1_237' title='bbox 568 3328 618 3386; x_wconf 88' lang='lat' dir='ltr'><strong>iiie</strong></span> <span class='ocrx_word' id='word_1_238' title='bbox 631 3325 760 3386; x_wconf 88' lang='lat' dir='ltr'><strong>dabatur</strong></span> <span class='ocrx_word' id='word_1_239' title='bbox 773 3325 883 3386; x_wconf 91' lang='lat' dir='ltr'><strong>honos.</strong></span> 
     </span>
     <span class='ocr_line' id='line_1_38' title="bbox 56 3407 869 3481; baseline -0.009 -7"><span class='ocrx_word' id='word_1_240' title='bbox 56 3424 126 3478; x_wconf 70' lang='lat'><strong>785</strong></span> <span class='ocrx_word' id='word_1_241' title='bbox 148 3410 239 3471; x_wconf 86' lang='lat' dir='ltr'><strong>Luce</strong></span> <span class='ocrx_word' id='word_1_242' title='bbox 254 3425 312 3468; x_wconf 89' lang='lat' dir='ltr'><strong>sua</strong></span> <span class='ocrx_word' id='word_1_243' title='bbox 325 3409 415 3470; x_wconf 91' lang='lat' dir='ltr'><strong>iudos</strong></span> <span class='ocrx_word' id='word_1_244' title='bbox 429 3426 509 3471; x_wconf 90' lang='lat' dir='ltr'><strong>uvae</strong></span> <span class='ocrx_word' id='word_1_245' title='bbox 524 3417 711 3470; x_wconf 88' lang='lat' dir='ltr'><strong>commentor</strong></span> <span class='ocrx_word' id='word_1_246' title='bbox 730 3407 869 3481; x_wconf 86' lang='lat' dir='ltr'><strong>habebat,</strong></span> 
     </span>
     <span class='ocr_line' id='line_1_39' title="bbox 199 3491 882 3566; baseline -0.003 -14"><span class='ocrx_word' id='word_1_247' title='bbox 199 3491 285 3566; x_wconf 84' lang='lat' dir='ltr'><strong>Quos</strong></span> <span class='ocrx_word' id='word_1_248' title='bbox 302 3507 370 3551; x_wconf 88' lang='lat' dir='ltr'><strong>curn</strong></span> <span class='ocrx_word' id='word_1_249' title='bbox 383 3494 532 3554; x_wconf 78' lang='lat' dir='ltr'><strong>taedifera</strong></span> <span class='ocrx_word' id='word_1_250' title='bbox 547 3509 627 3553; x_wconf 90' lang='lat' dir='ltr'><strong>nunc</strong></span> <span class='ocrx_word' id='word_1_251' title='bbox 643 3493 735 3552; x_wconf 88' lang='lat' dir='ltr'><strong>habet</strong></span> <span class='ocrx_word' id='word_1_252' title='bbox 749 3493 798 3554; x_wconf 89' lang='lat' dir='ltr'><strong>ilic</strong></span> <span class='ocrx_word' id='word_1_253' title='bbox 813 3491 882 3551; x_wconf 89' lang='lat' dir='ltr'><strong>dea.</strong></span> 
     </span>
    </p>
   </div>
   <div class='ocr_carea' id='block_1_3' title="bbox 0 0 1255 3926">
    <p class='ocr_par' dir='ltr' id='par_1_3' title="bbox 0 0 1255 3926">
     <span class='ocr_line' id='line_1_40' title="bbox 0 0 1255 3926; baseline 0 0"><span class='ocrx_word' id='word_1_254' title='bbox 0 0 1255 3926; x_wconf 95' lang='lat' dir='ltr'><strong> </strong></span> 
     </span>
    </p>
   </div>
  </div>
 </body>
</html>
