2372 3928
388 230 417 296 1.
439 227 597 292 29-102.

52 384 143 447 blane
159 387 282 460 biceps,
298 382 369 442 anni
385 383 473 443 tacite
488 382 616 443 labentis
637 382 733 456 origo,

84 509 91 521 -
118 470 207 528 Solus
227 468 267 528 de
282 466 403 542 superis
419 467 471 542 qui
485 475 537 525 tua
550 473 637 540 terga
653 466 750 538 vides,

86 552 186 612 Dexter
200 554 277 612 ades
294 550 437 620 ducibus,
454 565 584 625 quorum
600 565 712 610 secura
725 551 831 612 labore

119 635 183 696 Otia
197 644 279 697 terra
293 635 395 706 ferax,
410 634 472 693 otia
485 641 600 708 pontus
615 633 723 694 habet:

88 720 186 779 Dexter
204 720 281 780 ades
298 716 498 792 patribusque
513 717 571 778 tuis
588 718 768 793 populoque
782 717 908 792 Quirini,

54 811 76 865 tt
116 803 149 864 Et
162 819 267 864 resera
282 811 356 862 nutu
369 800 502 861 candida
516 801 630 874 templa
644 807 706 860 tuo.

88 888 225 963 Prospera
239 888 292 946 lux
307 886 409 945 oritur.
439 884 550 959 linguis
566 882 737 958 animisque
752 886 866 946 iavetet

121 973 200 1032 Nunc
216 970 348 1032 dicenda
362 971 445 1031 bona
459 976 531 1030 sunt
545 969 628 1029 bona
643 967 739 1027 verba
758 968 818 1028 die.

88 1056 140 1115 Lite
152 1064 263 1116 vacent
276 1070 382 1127 aures,
398 1053 569 1127 insanaque
588 1052 728 1126 protinus
744 1050 845 1112 absint

123 1140 225 1214 iurgia.
255 1138 345 1198 differ
360 1153 457 1212 opus,
473 1136 568 1196 livida
582 1135 683 1210 turba,
698 1145 792 1196 tuum.

56 1230 78 1284 la
89 1223 191 1298 Cernis,
208 1223 345 1284 odoratis
361 1230 394 1282 ut
413 1224 513 1281 luceat
527 1219 648 1294 ignibus
663 1219 778 1291 aether,

122 1309 155 1368 ut
167 1317 258 1369 sonet
271 1305 413 1367 accensis
428 1305 516 1381 spica
531 1304 641 1365 Cilissa
654 1305 756 1364 locist

91 1391 208 1452 Flamma
222 1390 320 1452 nitore
335 1407 392 1452 suo
408 1389 589 1464 templorum
606 1387 746 1448 verberat
760 1404 877 1462 aurum,

123 1477 157 1536 Et
168 1477 328 1537 tremulum
342 1491 461 1535 summa
476 1473 593 1549 spargit
606 1474 638 1533 in
656 1472 734 1531 aede
749 1471 846 1532 iubar.

91 1561 221 1622 Vestibus
235 1559 357 1620 intactis
370 1557 516 1634 Tarpeios
530 1557 591 1618 itur
605 1558 635 1616 in
651 1571 749 1629 arces,

58 1651 82 1704 tt
122 1646 155 1705 ln
167 1647 299 1722 populus
315 1645 393 1704 iesto
410 1643 557 1704 concolor
571 1642 639 1717 ipse
654 1655 711 1700 suo
727 1648 784 1701 est

94 1730 200 1806 lamque
213 1730 285 1791 novi
300 1737 448 1806 praeeunt
463 1728 580 1802 lasceS,
596 1741 677 1786 nova
691 1740 826 1799 purpura
840 1724 941 1799 fulget,

127 1813 158 1874 llt
170 1829 248 1876 nova
262 1813 463 1890 conspicuum
478 1812 617 1886 pondera
631 1809 722 1869 sentit
737 1809 824 1868 ebur.

95 1896 165 1958 colla
176 1899 265 1958 rudes
282 1914 409 1974 operum
422 1895 571 1973 praebent
585 1894 721 1954 ferienda
735 1892 864 1967 iuvenci,

130 1981 203 2055 Quos
217 1983 290 2043 aluit
305 1981 421 2056 campis
437 1979 532 2040 herba
547 1980 669 2040 Falisca
683 1977 758 2038 suis.

60 2063 210 2139 aluppiter
223 2083 295 2126 arce
308 2083 366 2126 sua
383 2074 477 2128 totum
492 2079 560 2124 curn
576 2069 695 2138 spectet
709 2061 739 2120 in
757 2058 870 2132 orbem,

130 2149 168 2207 llil
181 2149 236 2210 nisi
249 2151 433 2224 Ronlanum,
451 2149 534 2224 quod
548 2156 681 2219 tueatur,
697 2145 798 2204 babet.

98 2231 188 2308 Salve,
204 2236 282 2294 laeta
296 2236 379 2309 dies,
400 2234 569 2308 meliorque
583 2240 737 2290 revertere
753 2244 884 2302 semper,

131 2319 277 2394 Apopulo
299 2334 398 2378 rerum
415 2319 508 2392 digna
521 2324 645 2392 potente
662 2314 731 2373 coli.

98 2398 175 2470 Quem
187 2411 286 2463 tamen
305 2418 377 2463 esse
392 2403 483 2462 deurn
498 2410 527 2461 te
542 2401 655 2469 dicam,
671 2398 744 2456 lane
759 2396 917 2456 biformis?

61 2488 87 2540 tt
129 2485 193 2545 llam
207 2487 258 2548 tibi
273 2503 330 2563 par
345 2487 461 2546 nullum
477 2486 604 2546 Graecia
619 2497 730 2542 numen
744 2479 846 2538 babet.

98 2567 147 2627 Ede
159 2571 242 2632 simul
258 2587 398 2643 causam,
415 2585 469 2630 cur
484 2571 523 2630 de
540 2566 722 2628 caelestibus
738 2580 817 2624 unus

131 2651 225 2731 Sitque
241 2656 325 2732 quod
340 2672 359 2714 a
373 2662 475 2730 tergo,
495 2655 596 2728 sitque
612 2651 696 2725 quod
711 2656 796 2720 ante,
811 2645 920 2704 vides?

99 2734 165 2796 llaec
178 2755 232 2814 ego
248 2757 317 2800 curn
333 2739 462 2814 sumptis
478 2737 624 2813 agitarem
638 2742 737 2794 mente
752 2721 880 2803 tabellis,

22 2853 23 2894 3
129 2821 261 2884 Lucidior
275 2823 344 2884 visa
358 2830 421 2895 est,
438 2838 530 2897 quam
544 2821 599 2880 luit
613 2826 697 2890 ante,
715 2818 836 2877 domus

22 2905 86 2957 lt
96 2900 161 2963 lunc
175 2923 260 2967 sacer
276 2906 400 2982 ancipili
415 2904 595 2966 mirandos'
588 2902 719 2977 imagine
733 2901 824 2959 lanus

128 2988 196 3050 ilina
208 3007 320 3068 repens
336 2991 434 3051 oculis
456 2989 562 3050 obtulit
576 3003 632 3046 ora
645 2986 731 3046 rneis.

97 3066 225 3148 Obstipui,
242 3075 391 3149 sensique
405 3082 487 3135 metu
501 3071 634 3148 riguisse
649 3069 787 3145 capillos,

22 3229 23 3238 ἵ
128 3155 161 3215 llt
172 3160 302 3233 gelidum
317 3158 417 3219 subito
433 3158 545 3233 frigore
558 3162 667 3231 pectus
683 3159 757 3213 erat.

22 3241 24 3314 Ι
97 3238 138 3297 lle
150 3249 251 3304 tenens
266 3243 409 3303 baculum
425 3243 533 3302 dextra
551 3241 731 3312 clavemque
745 3232 869 3295 sinistra

22 3315 24 3380 Ι
51 3323 82 3375 lto
124 3322 288 3388 Edidithos
305 3327 395 3388 nobis
411 3342 464 3386 ore
479 3325 581 3400 priore
597 3338 708 3382 sonos

95 3405 182 3468 Disce
198 3420 279 3472 metu
292 3410 410 3487 posito,
427 3419 513 3469 vates
528 3422 661 3483 operose
676 3405 802 3476 dierum,

129 3490 208 3564 Quod
224 3495 316 3571 petis,
333 3505 473 3554 atroces
489 3491 614 3568 percipe
630 3495 729 3550 mente
746 3500 841 3544 meas.

22 3579 28 3711 l

24 3733 29 3840 i
