2450 3932
390 241 434 315 ΙΙ,
455 236 634 304 416491.

133 393 168 456 llt
186 393 312 454 tacitam
332 407 458 454 mensae
473 393 560 454 duxit
578 393 608 453 ln
629 394 704 454 orbe
719 402 837 458 notanti

46 488 86 542 lte
97 479 132 538 llt
145 477 257 552 quibus
272 493 291 536 c
307 477 393 538 sucis
411 477 502 537 abeat
516 477 555 537 de
571 492 703 553 corpore
719 478 806 554 livor,

134 561 291 636 Impresso
308 561 375 620 fieri
395 561 448 636 qui
467 563 547 621 solet
566 577 634 636 ore,
655 563 761 622 dcccli

96 645 231 720 Denique
250 644 290 704 ab
307 645 430 704 incauto
445 644 570 705 nimium
588 645 663 720 petit
682 645 732 706 ille
748 648 867 721 marito,

135 728 175 790 Se
191 743 318 803 quoque
337 728 380 787 uti
395 736 511 802 servet,
532 735 641 804 peccet
657 736 689 789 ut
704 730 756 790 illa
770 730 886 794 minusr

99 812 172 886 Scit,
191 813 241 872 cui
255 814 381 872 latretur
397 826 452 872 cur
468 813 555 873 solus
573 812 763 884 obambulet,
785 813 863 889 ipse,

47 907 88 962 tto
137 897 195 958 cur
208 896 322 956 totiens
337 897 460 957 mausus
478 903 621 957 exscreet
633 903 705 957 ante
724 898 824 958 iores:

98 981 250 1054 Multaque
269 979 323 1040 dat
341 979 412 1040 lurti
426 980 497 1041 talis
513 987 694 1055 praecepta,
710 982 872 1056 docetque,

137 1065 202 1138 Qua
215 1071 331 1139 nuptae
350 1063 471 1138 possint
486 1064 592 1124 tallere
609 1065 648 1125 ab
663 1071 729 1124 arte
745 1066 839 1127 viros.

99 1147 156 1208 llec
175 1147 231 1208 luit
245 1149 304 1208 hoc
320 1146 362 1206 illi
378 1147 493 1221 fraudi,
513 1149 686 1223 legiturque
704 1148 841 1210 Tibullus

135 1231 173 1292 llt
189 1233 304 1308 placet,
321 1239 352 1291 et
370 1231 431 1292 iarn
451 1238 482 1292 te
498 1231 638 1308 principe
652 1239 743 1294 notus
758 1241 833 1293 erat.

47 1321 88 1377 llo
99 1316 236 1377 Invenies
251 1316 361 1376 eadem
375 1315 480 1377 blandi
500 1323 668 1395 praecepta
679 1315 832 1392 Properti:

136 1399 300 1462 Districtus
315 1399 441 1461 minima
454 1415 513 1460 nec
528 1405 628 1460 tamen
644 1401 694 1460 ille
708 1408 782 1462 nota
795 1408 854 1461 est.

99 1483 150 1545 His
166 1499 225 1560 ego
239 1485 391 1545 successi.
413 1484 557 1560 quoniam
574 1485 763 1560 praestantia
777 1485 894 1547 candor

136 1567 266 1628 Nomina
279 1568 420 1628 vivorum
436 1568 631 1628 dissimulare
645 1567 738 1629 iubet.

99 1651 162 1712 lion
176 1651 277 1724 timui,
293 1653 406 1726 fateor,
426 1668 481 1727 ne,
501 1668 565 1727 qua
578 1658 624 1713 tot
642 1651 706 1712 iere
727 1653 859 1726 carinae,

48 1736 89 1790 llo
136 1736 294 1810 naufraga
314 1737 447 1797 servatis
468 1735 610 1796 omnibus
629 1751 691 1794 una
711 1738 800 1796 soret.

101 1819 173 1881 Sunt
188 1819 258 1881 aliis
277 1820 428 1896 scriptae,
446 1819 558 1895 quibus
578 1820 648 1880 alea
662 1818 788 1893 luditur,
808 1825 937 1887 artesr...

137 1903 203 1965 Hoc
222 1910 272 1964 est
287 1904 329 1964 ad
344 1910 468 1964 nostros
483 1916 545 1964 non
560 1903 631 1963 leve
647 1902 761 1964 crimen
778 1919 887 1963 avos...

101 1987 173 2062 Quid
189 1990 312 2048 valeant
329 1988 397 2061 tali,
413 2002 475 2062 quo
494 1988 600 2063 possis
617 1987 747 2063 plurima
765 1989 847 2048 iactu

138 2073 282 2147 Fingere,
303 2072 473 2133 damnosos
495 2069 688 2146 effugiasque
704 2087 814 2133 panesa

48 2153 87 2209 lle
98 2159 228 2218 Tessera
241 2172 322 2231 quos
337 2154 449 2216 habeat
465 2169 625 2228 numeros,
642 2156 775 2217 distante
788 2162 899 2216 vocato

138 2241 258 2300 Mittere
274 2256 337 2314 quo
353 2240 476 2314 deceat,
498 2255 560 2313 quo
576 2240 651 2300 dare
666 2240 765 2301 missa
783 2239 893 2300 modos

99 2325 240 2385 Discolor
258 2331 292 2384 ut
307 2330 393 2384 recto
408 2331 567 2398 grassetur
581 2324 673 2384 limite
694 2324 792 2396 miles,

142 2408 214 2468 Cum
229 2407 351 2467 medius
367 2407 488 2482 gemino
508 2409 644 2467 calculus
661 2407 752 2468 hoste
771 2406 858 2482 perit,

99 2493 139 2554 Ut
149 2507 237 2567 mage
251 2492 333 2552 velle
348 2492 436 2566 sequi
451 2491 529 2550 sciet
544 2498 576 2551 et
588 2503 738 2550 revocare
751 2491 894 2565 priorem,
986 2521 1030 2536 -

47 2577 88 2633 lto
140 2575 201 2634 Nec
217 2583 284 2636 tuto
305 2575 425 2650 lugiens
441 2575 636 2636 incomitatus
656 2579 715 2634 eat.

97 2659 195 2720 Parva
212 2659 303 2722 sedet
316 2658 412 2720 ternis
427 2659 575 2719 instructa
593 2657 707 2722 tabella
727 2655 849 2730 lapillis,

139 2743 173 2802 ln
187 2760 250 2818 qua
264 2742 381 2804 vicisse
395 2752 444 2805 est
458 2742 657 2804 continuasse
677 2757 770 2802 suos:
927 2741 1029 2820 [nes...

99 2827 216 2902 Quique
236 2827 288 2887 alii
310 2827 429 2888 lusus...
449 2842 550 2901 neque
574 2825 654 2885 enim
672 2842 752 2885 nunc
770 2839 943 2900 persequar
964 2839 1028 2886 om·

138 2909 286 2984 Perdere,
306 2925 372 2970 rem
392 2925 508 2983 caram,
528 2917 669 2984 tempora
684 2916 791 2970 nostra
806 2911 916 2970 solcnt.

17 3035 18 3044 ,
47 2998 87 3052 lid
98 2995 179 3055 Ecce
194 2994 277 3055 canit
292 2995 409 3054 lormas
424 2995 503 3054 elius
523 2994 684 3067 iactusque
698 2993 843 3068 pilarum=

17 3059 19 3146 l
140 3079 197 3139 Hic
212 3086 309 3140 artem
328 3077 421 3138 nandi
441 3076 603 3152 praecipit,
624 3077 676 3135 ille
694 3075 807 3138 trochi:

17 3155 18 3168 ¹
99 3162 278 3237 Composita
293 3170 343 3221 est
357 3160 424 3220 aliis
442 3160 567 3222 fucandi
582 3177 657 3221 cura
672 3161 800 3221 coloris:

140 3245 198 3304 Hic
213 3245 314 3321 epulis
334 3246 421 3318 leges
435 3243 633 3319 hospitioque
647 3242 746 3304 dedit:

98 3329 185 3389 Alter
201 3327 342 3401 humum,
358 3327 397 3409 de
413 3344 475 3403 qua
489 3328 642 3402 fingantur
658 3330 784 3404 pocula,
805 3333 965 3402 monstrat,

46 3415 86 3468 lto
141 3412 304 3488 Quaeque,
325 3411 431 3483 docet,
448 3411 565 3486 liquido
583 3419 663 3472 testa
678 3411 718 3472 sit
732 3417 805 3486 apta
819 3424 913 3471 mero.

17 3541 19 3620 ,
63 3496 345 3642 owTnalifilluduntur
358 3497 481 3557 lumoso
501 3511 608 3556 mense
623 3495 792 3568 Decembri,
808 3584 826 3636 3
