2372 3928
369 239 397 315 ι,
419 235 598 302 ann-aaa.
935 247 998 310 auo

73 387 199 467 luppiter
214 387 245 448 in
260 395 346 464 parto
361 395 417 450 est.
447 390 528 466 oepit
540 393 630 454 locus
644 409 725 456 unus
741 399 910 473 utrumque.

107 473 271 547 Iunctaque
285 479 356 533 sunt
370 489 480 549 magno
495 477 609 551 templa
623 478 745 552 nepotis
760 493 829 540 avo.

283 601 691 672 amalacctoc

28 735 63 790 tte
75 725 137 801 Quis
152 729 234 786 vetat
247 731 277 784 et
291 726 412 799 stellas,
428 735 462 786 ιιι
476 744 619 804 quaeque
634 731 791 806 oriturque
806 733 956 811 caditque,

107 809 234 870 Diceret
261 804 407 885 promissi
424 826 497 887 pars
518 813 558 872 sit
572 813 623 872 et
616 831 685 889 rpsa
699 817 768 875 mei

73 892 178 953 Felices
194 892 312 953 animae
320 893 457 969 ,quibus
472 895 550 956 haec
565 913 755 972 cognoscere
769 900 876 975 primis

107 977 200 1051 Inque
214 976 324 1039 domus
340 993 471 1054 superas
487 980 638 1040 scandere
654 997 728 1042 cura
741 983 813 1043 luitt

75 1059 212 1120 credibile
225 1067 275 1121 est
287 1061 356 1122 illos
371 1062 486 1137 pariter
499 1063 646 1139 vitiisque
659 1065 800 1142 locisque

31 1158 66 1210 atu
110 1144 204 1204 Altius
220 1143 362 1205 humanis
379 1147 539 1207 exeruisse
553 1154 654 1223 caput.
798 1176 801 1180 ²

74 1228 130 1288 Non
142 1229 248 1290 Venus
263 1228 411 1292 elvirum
428 1229 569 1292 sublimia
581 1239 707 1307 pectora
722 1234 817 1309 tregit,

109 1309 283 1371 Officiumva
298 1311 371 1388 luri,
387 1313 550 1374 militiaeve
563 1314 660 1375 labor.

74 1395 126 1454 Nec
139 1394 213 1454 levis
228 1395 367 1469 ambitio,
383 1398 571 1473 perfusaque
585 1398 683 1473 gloria
697 1400 778 1474 luco,

107 1477 343 1555 linguarumque
357 1481 452 1541 tames
470 1481 646 1542 sollicitavit
660 1497 763 1558 opum.

33 1565 67 1620 ltu
77 1560 239 1622 Admovere
254 1563 352 1624 oculis
368 1563 511 1626 distantia
531 1566 634 1626 sidera
648 1567 772 1639 nostris,

108 1645 297 1723 Aetheraque
311 1647 433 1722 ingenio
449 1663 644 1726 supposuere
657 1665 725 1710 suo.

76 1725 117 1789 Sic
129 1728 238 1806 petitur
253 1731 381 1795 caelum.
411 1748 473 1793 non
486 1739 520 1794 ut
534 1732 612 1794 ierat
626 1732 726 1795 Ossan
744 1732 901 1811 Olympus,

108 1813 236 1889 Ipsaque
250 1814 388 1875 Peliacus
404 1816 507 1878 sidera
520 1822 624 1891 tangat
638 1831 728 1892 apex.

76 1895 128 1957 llos
143 1914 265 1974 quoque
280 1898 338 1960 sub
354 1899 483 1960 ducibus
500 1901 617 1961 caelum
632 1899 811 1961 metabimur
824 1901 893 1974 illis,

32 1976 67 2032 tlt
109 1979 318 2060 Pouemusque
332 1998 407 2043 suos
422 1984 461 2044 ad
476 1998 556 2058 vaga
570 1982 659 2059 sigua
673 1983 749 2044 dies.

75 2063 143 2143 Ergo
156 2065 207 2126 ubi
223 2082 286 2127 uox
301 2066 399 2127 aderit
413 2067 548 2128 venturis
562 2068 651 2137 tertia
664 2067 769 2142 Nonis,

110 2145 283 2226 Sparsaque
298 2151 422 2212 caelesti
436 2166 507 2211 rore
521 2151 655 2212 madebit
669 2151 790 2226 humus,

76 2229 217 2308 Octipedis
232 2235 346 2296 lrustra
361 2238 546 2310 quaerantur
559 2235 685 2296 brachia
700 2236 820 2296 cancri:

108 2313 254 2394 Praeceps
270 2318 417 2378 occiduas
432 2318 482 2378 illo
498 2318 611 2382 subibit
625 2334 732 2393 aquas.

30 2397 65 2454 315
77 2396 228 2461 institerint
241 2395 362 2475 Non‘ao,
378 2401 466 2462 missi
478 2401 532 2462 tibi
545 2401 677 2462 nubibus
693 2401 766 2461 atris

107 2480 196 2558 Signa
211 2484 328 2546 dabunt
341 2483 469 2560 imbres,
486 2485 643 2546 exoriente
655 2485 746 2560 Lyra.

41 2607 247 2680 5.ENON·E
290 2619 320 2684 6.
339 2619 393 2680 FF
434 2615 539 2679 iac
577 2617 685 2679 8.Ηῦ
725 2614 950 2678 9.ΑΑ(ΝΟΝ

71 2731 204 2808 Quattuor
218 2741 299 2802 adde
314 2741 382 2802 dies
397 2741 508 2804 ductos
524 2756 562 2800 ax
577 2739 686 2802 ordine
699 2737 803 2811 Nonis,

104 2821 191 2884 lanus
205 2823 336 2899 Agonali
351 2825 421 2885 luce
436 2825 569 2900 piandus
585 2825 649 2883 erit.

29 2898 195 3040 2⁰Nominis
209 2924 280 2969 esse
294 2916 398 2984 potest
411 2908 586 2968 succinctus
601 2921 697 2968 causa
710 2905 854 2978 minister,

40 2987 210 3050 anostra
225 2992 384 3052 caelitibus
400 3008 462 3066 quo
478 2992 605 3052 leniente
619 2989 710 3050 cadit.

71 3067 117 3140 uu
132 3075 230 3136 calido
247 3075 370 3136 strictos
384 3076 534 3136 tincturus
550 3074 699 3150 sanguine
715 3073 838 3145 cultros,

14 3207 16 3214 ,
104 3155 228 3234 Semper
242 3165 366 3234 agatne,
381 3167 482 3234 rogat,
497 3175 555 3219 uec
570 3159 628 3219 nisi
643 3157 747 3218 iussus
763 3154 833 3230 agit.

14 3263 16 3330 p
68 3234 131 3299 Pars
138 3243 235 3317 ,oquin
248 3259 310 3304 non
324 3244 450 3303 ueniant
464 3242 617 3318 pecudeS,
634 3241 691 3301 sed
706 3245 844 3314 agantur,
860 3240 899 3298 ab
916 3243 986 3298 acta

14 3333 16 3408 t
101 3322 215 3385 Nomen
228 3325 401 3401 Agonalem
417 3326 513 3386 credit
527 3325 641 3386 habere
656 3324 747 3384 diam.

27 3405 59 3462 itt
69 3403 132 3468 Pars
147 3416 234 3484 putat
249 3410 310 3471 boc
324 3411 435 3470 festum
454 3409 565 3485 priscis
580 3407 710 3483 Agnalia
725 3404 846 3476 dictum,

16 3565 17 3568 Ἴ
102 3490 165 3552 Una
180 3493 265 3554 silut
279 3495 406 3569 proprio
422 3495 518 3555 littera
534 3492 656 3567 dempta
670 3491 750 3551 loco.

17 3578 19 3648 ζ
40 3577 99 3629 lito.
120 3575 170 3634 Ill.
748 3579 783 3634 ll
