2492 3926
166 203 229 267 328
548 196 803 260 castollum

252 353 301 414 Mc
316 356 475 412 nuseruml
492 348 668 410 dubitatist’
684 351 734 409 ait.
766 350 904 412 dubitare
919 351 1054 426 videbat,

294 437 332 497 Et
344 437 475 511 pavidas
492 435 594 511 posito
609 434 814 510 procubuisse
830 452 920 510 genu.
1241 433 1242 473 l

254 522 361 582 llaurit
374 536 487 594 aquas,
505 521 678 594 tollensque
693 535 819 593 manus,
835 519 1032 594 ‘Ignoscitess
1049 519 1134 580 dixit

189 619 239 670 too
297 603 420 666 ‘Sacrat
437 605 482 662 vir
496 603 614 664 intrabo
629 619 688 662 non
705 604 847 664 adeunda
860 604 938 664 viro.

255 687 286 748 Si
304 690 407 748 scelus
422 695 485 760 est,
502 688 531 747 in
548 704 596 747 me
612 687 768 747 commissi
783 703 884 762 poena
899 688 1069 748 redundet=

296 772 342 833 stt
361 773 468 849 capitis
485 773 595 833 damno
610 772 709 832 Roma
723 772 823 834 soluta
838 772 920 831 ntei’

253 857 393 928 Dixit,.ct
407 856 523 933 irrupit.
553 856 662 915 iactum
679 857 739 918 dea
752 862 840 931 rapta
855 855 1003 930 probavit,

293 940 509 1015 pontificisque
524 941 571 1001 sui
586 956 711 1000 inuuere
726 947 788 1001 tuta
803 940 868 1001 luit.

187 1032 239 1085 455
254 1026 340 1086 Nunc
355 1025 435 1086 hene
448 1025 555 1086 lucetis
572 1039 678 1085 sacrae
691 1024 748 1085 sub
765 1025 897 1085 Caesare
913 1022 1070 1085 flammae:

292 1111 374 1185 Ignis
390 1111 419 1169 in
435 1109 535 1170 iliacis
551 1109 630 1168 nunc'
646 1108 701 1169 erit
718 1116 829 1185 estque
844 1109 932 1168 locis.

252 1193 403 1267 Nullaque
419 1194 535 1254 dicetur
547 1193 636 1253 vittas
655 1200 823 1252 temerasse
841 1192 990 1254 sacerdos

294 1278 360 1336 Hoc
376 1277 470 1351 duce,
486 1291 543 1336 nec
559 1277 630 1336 viva
644 1277 818 1338 defodietur
834 1277 939 1340 humo.

254 1361 305 1422 Sic
320 1361 437 1421 incesta
451 1360 538 1436 perit.
569 1361 641 1436 quia
656 1378 747 1437 quam
764 1361 903 1436 violavit,
920 1363 951 1422 in
970 1361 1054 1420 illam

187 1445 239 1500 tto
295 1445 455 1521 Conditor,
471 1454 501 1506 et
514 1446 615 1506 Tellus
629 1447 789 1522 Vestaque
803 1463 915 1508 numen
931 1447 1011 1508 idem
1027 1453 1088 1506 est.

251 1531 326 1590 Tum
342 1529 401 1589 sibi
416 1528 546 1590 Callaico
562 1530 672 1591 Brutus
689 1546 861 1606 cognomen
877 1531 915 1592 ab
931 1531 1021 1593 hoste

293 1614 391 1686 Fecit,
407 1622 437 1673 et
450 1614 619 1688 Hispanam
633 1615 783 1690 sanguine
798 1617 887 1676 tinxit
900 1616 1033 1677 humum.

255 1696 377 1758 Scilicet
390 1699 540 1758 interdum
556 1698 720 1760 miscentur
734 1699 832 1760 tristia
846 1703 944 1771 laetis,

293 1783 355 1842 Nec
374 1784 521 1858 populum
537 1790 598 1843 toto
615 1790 740 1859 pectore
755 1785 834 1844 iesto
845 1785 958 1844 iuvant.

186 1875 239 1929 465
257 1866 387 1927 Crassus
402 1869 441 1927 ad
455 1866 631 1943 Euphraten
647 1867 765 1943 aquilas
780 1875 946 1943 natumque
961 1883 1107 1942 suosque

294 1951 442 2027 Perdidit,
459 1960 489 2012 et
503 1953 563 2011 leto
580 1961 627 2012 est
641 1953 764 2013 ultimus
781 1954 850 2028 ipse
866 1953 965 2013 datus.

252 2034 385 2108 ‘Partha
403 2037 477 2110 quid
492 2037 647 2096 exultast’
664 2038 739 2097 dixit
753 2038 813 2098 dea
828 2037 930 2112 ‘signa
946 2035 1104 2097 remittes=

294 2118 411 2192 Quique
426 2135 532 2179 necem
548 2119 651 2181 Crassi
667 2122 816 2196 vindicet,
832 2122 912 2182 ultor
927 2122 1003 2181 erit!

615 2253 664 2316 10.
685 2257 745 2316 AN

250 2375 291 2432 At
306 2373 396 2433 simul
412 2371 515 2433 auritis
532 2373 632 2434 violae
648 2374 809 2436 demuntur
829 2374 941 2448 asellis,

189 2465 242 2521 tto
298 2458 333 2516 Et
349 2456 466 2517 Cereris
483 2457 588 2531 fruges
604 2475 717 2534 aspera
732 2475 810 2519 saxa
824 2463 931 2532 terunt,

253 2541 359 2601 Navita
375 2555 481 2616 puppo
496 2541 611 2603 sedens
628 2542 790 2618 ‘Delphina
806 2541 976 2603 videbimus
984 2546 1004 2618 ,’
1021 2542 1129 2616 inquit

294 2624 414 2686 ‘Umida
430 2639 498 2685 cum
515 2627 604 2700 pulso
622 2643 685 2686 nox
699 2627 756 2687 erit
771 2634 837 2688 orta
852 2627 923 2687 die?

528 2761 578 2824 lt.
603 2761 829 2822 omniu-lt

251 2875 328 2950 lam,
342 2875 462 2957 Phryx,
478 2896 499 2939 a
510 2885 605 2955 nupta
621 2878 774 2955 quereris,
789 2879 931 2954 Tithono,
947 2880 1092 2956 relinqui,

290 2961 327 3022 Et
345 2963 414 3038 vigil
430 2964 495 3025 eois
510 2964 632 3023 Luciicr
646 2963 708 3022 exit
723 2964 823 3037 aquis.
883 3017 886 3021 .

186 3053 238 3110 tto
254 3049 311 3120 lte,
328 3045 428 3108 bonae
442 3056 602 3120 matres,...
620 3043 755 3108 vestrum
769 3047 909 3109 Matralia
924 3050 1067 3108 testum...

294 3129 449 3208 Flavaque
462 3131 625 3193 Thebanae
640 3131 758 3194 reddite
775 3131 836 3192 liba
851 3133 938 3194 deae.

253 3216 398 3278 Pontibus
414 3225 444 3276 et
458 3232 568 3292 magno
584 3217 685 3276 iuncta
700 3223 748 3277 est
765 3215 963 3278 celeberrima
978 3215 1068 3277 Circo

283 3303 390 3375 ¹ltreo,
407 3317 486 3375 quac
502 3301 603 3375 posito
620 3301 660 3360 do
674 3301 754 3361 bove
769 3317 882 3362 nomen
897 3301 999 3361 habet.

253 3387 319 3446 Hac
334 3383 374 3442 ibi
389 3385 457 3444 luce
472 3384 571 3443 ierunt
585 3384 718 3444 Matutae
733 3399 822 3444 sacra
837 3385 955 3460 parenti

191 3472 245 3528 viso
301 3467 503 3543 Sceptriferas
521 3466 609 3527 Servi
626 3469 739 3543 templa
753 3468 881 3530 dedisse
895 3484 1015 3529 manus.
