2372 3928
189 252 247 319 tha
578 253 636 312 EX
656 249 802 312 Potito

229 465 237 478 ,
269 409 366 472 Crede
380 415 492 468 minen.
521 419 580 464 neo
594 411 624 464 te
639 417 750 461 causas
764 401 886 462 nescire
903 401 1048 478 sinemus,

310 491 442 551 Horrida
456 488 655 550 Sarmaticum
671 500 725 545 our
738 501 821 544 mare
836 485 924 545 duret
939 485 1044 546 hiems.

267 577 410 635 Proxima
423 579 494 634 sunt
509 571 597 632 nohis
609 569 740 645 plaustri
755 569 934 644 praebentia
950 571 1076 630 sormam

218 668 253 723 40
308 659 345 720 Et
360 673 438 733 quae
454 656 650 732 praecipuum
664 653 767 712 sidera
782 652 877 726 frigus
896 653 1017 712 habent.

268 744 345 804 Hine
365 742 460 802 oritur
473 740 599 807 boreas,
616 752 751 811 oraeque
771 735 956 797 domesticus
971 736 1041 797 huie
1055 743 1105 809 est,

309 827 346 887 Et
360 825 451 887 sumit
466 824 546 884 vires
566 841 585 883 a
600 821 744 897 propiore
759 821 836 880 loeo.

267 915 308 970 At
322 918 430 982 notus,
446 908 579 968 adverso
594 905 716 980 tepidus
738 903 788 979 qui
808 903 906 978 spirat
922 903 960 963 ab
975 921 1043 980 axe,

310 993 366 1054 Est
381 993 502 1068 procul,
519 998 548 1051 et
563 1005 649 1049 rarus
669 987 902 1063 languidiorque
917 989 1009 1049 venit.

218 1085 253 1140 la
269 1077 360 1137 Adde
375 1077 457 1152 quod
475 1075 524 1135 hie
540 1077 644 1136 clauso
663 1072 831 1132 miscentur
848 1071 972 1132 llumina
985 1072 1089 1147 Ponto,

310 1160 443 1236 Vimque
457 1161 564 1219 tratum
580 1159 673 1217 multo
693 1156 794 1232 perdit
812 1156 851 1216 ab
867 1171 955 1216 amne
972 1172 1069 1216 snam

267 1238 1166 1321 lluoLyeushuoSagurisPeniusqueHypanisqueCalesque

312 1327 414 1388 lniluit
429 1334 458 1386 et
471 1325 578 1386 erebro
595 1325 708 1385 vertiee
722 1332 819 1384 tortus
834 1324 942 1402 Halys,
1050 1365 1056 1376 ,

270 1411 510 1485 Partheniusque
525 1425 636 1484 rapax,
654 1415 685 1469 et
699 1409 827 1468 volvens
842 1423 920 1468 saxa
934 1407 1076 1485 Cynapes

218 1507 254 1558 so
307 1496 445 1568 Labitur,
464 1501 493 1554 et
507 1494 588 1553 nullo
607 1493 724 1553 tardior
741 1508 830 1552 amne
844 1488 958 1570 Tyras:

267 1580 305 1639 Et
321 1587 368 1653 tu,
388 1577 535 1638 femineae
547 1576 740 1636 Thannodon
760 1576 881 1650 cognite
899 1583 1027 1652 turmae,

309 1663 347 1722 Et
364 1661 519 1739 quondam
534 1659 632 1720 Graiis
647 1659 737 1720 Phasi
754 1660 845 1734 petite
865 1659 955 1720 viris:

269 1747 406 1821 Cumque
423 1745 626 1824 Borysthenio
643 1742 864 1818 liquidissimus
880 1759 969 1804 amne
984 1744 1126 1822 Lyeaslus

309 1831 346 1890 Et
361 1830 452 1890 taeite
469 1845 618 1904 peragens
638 1830 707 1887 lene
721 1827 893 1888 Melanthus
908 1828 979 1887 iter:
1101 1827 1102 1832 ’

222 1923 255 1974 55
270 1913 388 1989 Quique
405 1913 483 1973 duas
502 1921 615 1986 terras,
636 1911 741 1972 Asiam
761 1911 928 1985 Cadmique
943 1927 1079 1972 sororem

312 1997 441 2071 Separat
455 2005 485 2057 et
504 2013 612 2057 cursus
627 1997 705 2056 inter
722 2003 881 2072 utramque
897 1995 984 2055 lacit:

268 2080 483 2152 Innumerique
502 2081 566 2144 alii,
584 2095 664 2154 quos
682 2080 759 2138 inter
772 2080 923 2139 maximus
941 2093 1049 2138 omnes

311 2164 426 2222 Cedere
441 2162 595 2221 Danubius
611 2178 647 2222 sa
661 2161 729 2236 tibi,
745 2163 823 2237 Nile,
840 2170 941 2238 negot.

269 2246 365 2322 Copia
380 2253 423 2305 lot
438 2244 573 2314 laticum,
594 2261 671 2320 quas
687 2255 792 2321 auget,
811 2247 961 2308 adulterat
974 2247 1082 2320 undas,

219 2339 253 2394 60
309 2331 371 2391 Neo
387 2329 497 2405 patitur
513 2328 593 2388 vires
612 2345 729 2404 aequor
743 2329 857 2390 habere
872 2345 956 2390 suas.

269 2414 467 2490 Quinetiam,
485 2421 593 2487 stagno
612 2413 718 2474 similis
735 2415 899 2489 pigraeque
913 2413 1030 2490 paludi,

310 2499 475 2558 Caeruleus
497 2496 546 2555 vix
562 2505 610 2557 est
624 2498 810 2572 diluiturque
830 2498 924 2557 color.

267 2583 385 2644 Innatat
399 2583 481 2642 unda
497 2582 572 2640 irato
588 2581 703 2652 duleis,
719 2581 878 2656 leniorque
894 2581 1012 2642 marina
1027 2588 1083 2654 est,

271 2659 279 2678 '
310 2667 394 2739 Quae
410 2664 564 2739 proprium
582 2667 675 2725 mimo
691 2666 730 2724 de
745 2666 813 2724 sale
827 2666 948 2740 pondus
962 2664 1063 2726 habet

219 2756 252 2811 65
267 2749 299 2808 Si
315 2757 402 2823 roget
417 2748 493 2806 haee
506 2748 618 2821 aliquis
634 2765 688 2808 our
702 2749 762 2808 sint
776 2757 896 2809 narrata
910 2749 1035 2822 Pedoni,

310 2832 427 2905 Quidve
443 2832 526 2905 loqui
546 2833 636 2892 eertis
656 2833 764 2894 iuverit
781 2833 840 2893 ista
855 2835 978 2893 modist

268 2914 403 2984 Delium,
422 2915 538 2986 diuam,
558 2923 678 2992 tenipus
698 2931 851 2992 curasque
870 2917 972 2976 l'elelli.

309 2999 397 3058 Hune
413 3001 541 3060 lruotum
559 3017 707 3075 praesens
723 3002 819 3061 attulit
835 3001 910 3061 hora
925 2999 1008 3058 mihi.

267 3082 407 3142 ,aluimus
423 3084 529 3152 solito,
545 3085 617 3144 dum
633 3085 795 3145 scribimus
810 3086 882 3157 ista,
904 3085 1022 3156 dolore,

217 3174 251 3230 lo
307 3167 338 3225 ln
354 3167 462 3226 mediis
482 3184 540 3230 neo
557 3185 613 3230 nos
633 3169 786 3229 sensimus
801 3184 872 3230 esse
888 3167 983 3227 Getis.

256 3253 305 3314 ,At
319 3257 367 3320 tu,
384 3266 444 3309 non
460 3251 583 3322 dubito,
599 3269 668 3312 eum
682 3253 815 3312 earnrlne
829 3251 952 3312 Thesea
965 3252 1085 3324 landes,

304 3333 447 3393 Materiae
463 3337 565 3397 titulos
579 3337 651 3410 quin
668 3345 863 3408 tremamus,

266 3417 421 3494 Quemque
436 3421 542 3489 refers,
564 3421 678 3481 imitere
692 3423 800 3482 virum.
832 3421 924 3479 Vetat
938 3418 988 3478 ille
1003 3417 1141 3495 proiecto

303 3503 467 3576 Tranquilli
483 3505 622 3564 comitem
637 3505 783 3581 temporis
799 3519 871 3564 esse
885 3503 989 3562 iidem.
