2394 3940
201 271 260 338 162
595 267 655 330 EX
675 266 822 330 PONTO

322 423 489 483 consortes
502 419 587 482 urbis
602 419 751 495 comperit
764 431 835 479 esse
850 435 937 482 suae.

281 507 460 567 “Alteruter
474 503 579 566 uotis”
595 503 692 579 inquit
705 502 820 564 ‘tradat
834 502 937 566 hostia
951 507 1060 567 semiss

320 590 370 651 Ad
386 587 501 666 patrias
514 588 610 654 sedes
623 586 747 648 nuptus
763 586 839 648 aiter
854 591 937 648 eat.”

238 685 272 740 85
284 675 332 736 Ire
345 674 427 734 iubet
442 672 574 750 Pylades
590 687 696 734 eastun
710 671 863 747 periturus
878 670 1020 734 Orestem

323 758 380 818 Hie
394 765 494 833 negat.
525 756 619 830 inque
633 755 734 818 vicem
748 761 864 832 pugnat
877 763 1007 832 uterque
1020 756 1098 818 meri.

281 841 386 903 Extitit
399 841 459 902 hoe
474 856 575 915 unum,
597 839 681 914 quod
697 855 758 900 een
775 841 956 902 convenerit
969 840 1042 901 illis:

324 926 430 986 Cetera
444 941 501 1000 par
514 937 644 985 concors
660 929 690 984 et
704 923 772 984 sine
785 922 838 984 lite
853 923 917 984 tuit.

282 1011 360 1070 Dum
375 1015 525 1085 peragunt
539 1005 658 1084 pulchri
673 1006 800 1068 iuvenes
815 1014 970 1068 certamen
985 1008 1097 1082 amaris,

239 1101 274 1155 90
323 1093 375 1154 Ad
391 1093 513 1154 tratrem
527 1092 658 1166 scriptas
673 1097 779 1153 exeret
793 1090 843 1150 ilie
859 1098 961 1154 notas.

280 1178 331 1238 Ad
346 1178 467 1236 tratrem
482 1175 626 1236 mandata
640 1173 742 1236 dabat.
776 1174 888 1260 cuique
905 1176 957 1236 itta
972 1173 1140 1248 debarim„

322 1260 478 1320 Humanas
494 1274 587 1320 casus
602 1260 708 1334 aspice
718 1265 746 1318 t..
770 1259 861 1318 irater
877 1266 952 1320 erat.

279 1344 342 1404 Nec
357 1357 452 1402 mora.
486 1343 525 1402 de
540 1344 653 1418 templo
669 1342 794 1418 rapiunt
808 1342 973 1404 simulacra
986 1343 1104 1416 Dianae,

322 1427 466 1501 clamque
481 1441 537 1502 per
552 1427 707 1488 inmensas
724 1441 829 1502 puppe
846 1428 983 1492 teruntur
997 1443 1097 1502 aquas.
1183 1479 1184 1520 ,

238 1511 377 1578 samir-us
395 1526 481 1572 anter
497 1511 649 1583 iuvenum,
672 1511 811 1586 quamvis
830 1511 934 1572 abiere
948 1519 993 1574 tot
1006 1511 1083 1583 anni,
1183 1531 1184 1594 j

321 1597 355 1656 ln
372 1594 500 1672 Scythia
512 1610 655 1670 magnum
670 1609 753 1660 nune
768 1610 893 1672 quoque
908 1611 1020 1658 nomen
1032 1595 1139 1656 hahet?
1183 1601 1184 1604 ’

279 1679 396 1742 Fabula
409 1687 530 1740 narrata
544 1685 591 1740 est
606 1685 769 1755 postquam
783 1679 918 1754 vulgaris
934 1681 973 1740 ab
989 1681 1050 1754 itio,

323 1763 499 1826 Laudarunt
516 1779 622 1826 earnes
642 1766 721 1826 taeta
737 1764 883 1839 piamque
898 1764 1000 1826 iidem.
1096 1835 1098 1838 y

282 1847 407 1910 Scilicet
418 1847 476 1910 hae
491 1849 595 1922 etiam,
617 1865 678 1924 qua
692 1847 775 1910 nulla
789 1847 931 1921 ferocior,
955 1865 1010 1909 ora

220 1942 269 1996 100
320 1933 436 1993 Nomen
452 1932 601 1996 amicitiae
615 1931 747 1994 barbare
761 1932 858 1996 eorde
871 1939 983 1995 movet.
1039 1992 1042 2004 ,

281 2017 359 2091 Quid
375 2018 476 2078 faeere
489 2017 629 2078 Ausonia
643 2015 736 2092 geniti
752 2015 871 2077 debetis
886 2016 915 2076 in
930 2017 1023 2089 Urbe,

321 2100 394 2160 Cum
409 2107 533 2174 tangant
549 2101 633 2162 diros
648 2100 719 2161 tatia
733 2100 813 2161 taeta
828 2099 942 2162 Getasa

280 2182 379 2256 Adde,
402 2184 487 2258 quod
502 2191 549 2243 est
562 2184 681 2246 animus
697 2199 821 2260 semper
833 2183 887 2244 tibi
901 2185 990 2259 mitis,
1016 2192 1047 2248 et
1061 2187 1134 2248 altae

318 2266 465 2328 indicium
480 2283 581 2328 mores
596 2267 760 2329 nobilitatis
775 2268 898 2340 habent,

213 2363 264 2416 105
277 2351 360 2426 Quos
375 2352 511 2414 Volesus
527 2351 615 2428 patrii
631 2360 800 2428 eognoscat
815 2352 947 2414 norninis
960 2361 1079 2430 auctor,
1182 2345 1183 2434 f

318 2436 401 2510 Quos
416 2437 514 2500 Numa
529 2443 683 2498 metemus
697 2451 757 2498 non
774 2442 865 2512 neget
878 2452 949 2499 esse
964 2453 1051 2510 suos,

276 2521 458 2598 Adiectique
475 2521 605 2598 probent
618 2519 759 2596 genetiva
770 2521 810 2582 ad
824 2522 946 2582 nomina
962 2522 1080 2597 cottae,

318 2605 350 2666 si
364 2614 397 2666 tu
413 2621 473 2666 non
489 2621 588 2677 esses,
611 2605 766 2670 interitura
782 2606 901 2667 domus.

275 2691 373 2764 Digne
388 2690 436 2749 vir
449 2688 507 2750 hae
521 2688 610 2763 serie,
633 2690 722 2765 lapso
736 2691 1027 2752 succurrere-amieo

213 2781 264 2834 110
321 2773 512 2834 Conveniens
528 2772 594 2834 istis
609 2773 747 2837 moribus
764 2788 835 2836 esse
849 2781 936 2850 puta!

222 2955 263 3048 3.
319 2990 459 3052 uarro
482 2991 681 3056 maximo.

278 3075 316 3171 Sl
332 3121 420 3174 vacat
434 3114 576 3190 exiguum
593 3115 724 3190 profugo
742 3114 816 3174 dare
831 3119 950 3190 tempus
965 3111 1080 3194 amieo,

318 3196 341 3257 0
357 3198 444 3259 sidus
459 3197 582 3272 Fabiae,
603 3199 744 3272 Maxime,
764 3197 874 3272 gentis,
897 3196 982 3272 ades,

274 3281 353 3342 Itum
369 3281 423 3343 tibi
439 3298 518 3357 quae
534 3283 606 3357 vidi,
627 3283 766 3341 referam.
800 3297 857 3344 seu
872 3281 1012 3358 eorporis
1028 3284 1143 3356 umbra,

317 3365 379 3428 Seu
393 3365 459 3428 veri
474 3367 607 3442 species,
630 3380 686 3428 seu
702 3365 755 3427 tuit
769 3365 820 3426 iile
835 3381 940 3442 sopor.

242 3458 258 3510 5
273 3452 341 3511 Nox
356 3458 421 3512 erat
435 3458 465 3511 et
481 3450 595 3512 bifores
614 3449 745 3512 intrabat
759 3451 831 3512 iuna
846 3451 1006 3524 fenestras,

314 3534 421 3596 Mense
436 3535 500 3596 tere
515 3534 617 3596 medio
634 3541 746 3610 quanta
763 3535 858 3598 nitere
874 3537 961 3596 soiet.
