2372 3928
157 191 221 258 alo
537 188 795 252 FASTORUM

244 345 357 418 Cacus,
381 342 552 406 Aventinae
568 343 659 403 timor
672 349 764 418 atque
778 337 906 404 inlamia'
917 344 1017 418 silvae,

248 487 250 492 ,
284 429 352 490 Non
366 430 436 489 leve
449 425 583 489 finitimis
601 427 839 503 hospitibusque
853 429 974 489 0101000.

243 511 316 574 Dira
329 513 396 573 viro
417 510 522 585 iacies,
541 510 632 572 vires*
638 527 695 588 pro
711 526 856 586 corpore,
879 527 992 586 corpus

287 595 419 657 Grande.
455 600 542 672 pater
555 594 684 656 monstri
702 593 851 654 Mulciber
864 595 954 656 huius
976 603 1050 655 erait

95 725 101 736 .
172 687 225 744 555
239 679 359 756 Proque
373 680 465 741 domo
488 678 588 753 longis
605 679 754 754 spelunca
768 679 944 740 recessibus
959 672 1070 754 ingens,

287 763 415 838 Abdita,
430 763 484 822 vix
499 762 577 837 ipsis
592 762 776 824 invenienda
790 763 873 823 ieris.

247 846 308 908 Ora
321 862 416 924 super
430 852 537 922 postes
552 843 708 922 affixaque
729 845 875 906 bracchia
889 846 1033 921 pendent,

288 930 500 1008 squalidaque
513 929 654 992 humanis
669 928 795 992 ossibus
808 928 891 1012 albet
908 929 1028 991 humus.

247 1015 377 1077 Servata
389 1016 470 1075 male
484 1022 571 1090 parte
589 1013 683 1074 boum
697 1013 772 1073 Iove
789 1019 880 1074 uatus
900 1012 1023 1073 abibas:

176 1108 228 1164 500
284 1097 430 1174 Mugitum
447 1114 542 1160 rauco
560 1099 639 1160 lurta
652 1096 767 1158 dedere
781 1111 871 1158 sono.

247 1182 388 1258 ‘Accipio
402 1185 598 1242 revocamen’
614 1181 668 1255 ait,
685 1195 855 1255 vocemque
870 1187 993 1242 secutus

288 1266 386 1342 Impia
407 1279 463 1340 per
479 1265 575 1326 silvas
590 1265 688 1325 victor
701 1265 742 1325 ad
756 1271 843 1326 antra
855 1264 948 1324 venit.

247 1349 431 1412 lllc‘aditum
444 1349 531 1410 lraotl
545 1353 773 1426 praestruxerat
784 1348 872 1410 obice
885 1347 1012 1409 montisc

290 1434 351 1495 Vix
365 1433 437 1509 iuga
451 1433 620 1494 movissent
635 1433 772 1510 quinque
785 1432 834 1494 bis
848 1432 924 1495 illud
943 1448 1033 1508 opus.

176 1527 229 1584 505
242 1519 350 1580 Nititur
364 1517 414 1577 lric
428 1516 563 1579 lrurnoris
573 1561 602 1594 ,..
623 1518 741 1579 caelum
762 1532 887 1593 quoque
907 1515 1030 1578 sederat
1047 1514 1124 1576 illis...

290 1602 329 1663 Et
341 1607 462 1663 vastum
475 1609 559 1664 matu
575 1602 798 1663 conlabefactat
819 1617 907 1664 onus.

250 1684 339 1762 Quod
350 1685 443 1746 'simul
458 1701 599 1748 eversum
614 1693 669 1760 est,
685 1686 789 1762 fragor
802 1686 927 1748 aethera
936 1685 1041 1747 terruit
1050 1684 1141 1761 lpsnu

291 1770 417 1847 lotaque
433 1751 965 1846 subdadttponderemollshumus.
1139 1787 1140 1790 ¹

249 1855 349 1916 Prima
368 1861 471 1915 movet
485 1855 582 1936 Cacus
597 1854 708 1915 collata
723 1854 841 1929 proclia
855 1854 973 1928 dextra,

178 1948 231 2004 510
290 1939 428 2014 Remque
444 1939 531 2000 lerox
546 1938 631 2000 saxis
650 1937 864 2014 stipitibusque
878 1939 964 2014 gerit.

252 2021 325 2097 Quis
341 2021 393 2082 ubi
407 2023 450 2083 nil
464 2023 576 2099 agitur,
599 2022 712 2099 patrias
727 2022 806 2083 male
821 2023 907 2083 tortis
924 2023 965 2082 ad
979 2029 1056 2084 artes

294 2105 448 2180 Confugit,
473 2112 502 2166 et
516 2105 655 2168 dammas
672 2122 726 2170 ore
741 2113 869 2170 sonante
883 2106 987 2170 vomit

252 2189 333 2263 Quas
349 2189 491 2264 quotiens
507 2189 633 2267 proflat,
649 2191 768 2268 spirare
781 2191 931 2270 Typhoea
947 2191 1060 2264 credas,

292 2272 331 2333 Et
343 2272 484 2352 rapidum
499 2275 635 2336 Aetnaeo
651 2276 752 2351 fulgur
765 2275 890 2354 ab'igne
903 2277 972 2336 iaci.

180 2365 233 2424 575
248 2355 385 2436 Occupat
396 2358 539 2434 Alcides,
561 2359 756 2436 adductaque
772 2361 860 2421 clava
873 2360 1000 2422 trinodis

292 2443 351 2502 Ter
366 2449 474 2518 quater
487 2445 610 2506 adversi
625 2444 705 2506 sedit
718 2445 748 2504 in
764 2460 818 2506 ore
831 2445 898 2505 viri.

251 2527 306 2587 llle
321 2527 416 2603 cadit,
432 2528 608 2604 mixtosque
621 2528 718 2590 vomit
732 2543 801 2590 cum
816 2529 965 2604 sanguine
980 2528 1083 2602 lamas,

292 2610 331 2671 Et
344 2611 406 2671 lato
421 2613 555 2674 moriens
573 2620 698 2687 pectore
712 2611 829 2688 plangit
841 2611 976 2674 humum.

253 2694 391 2754 immolat
412 2710 451 2753 ex
465 2695 524 2755 illis
537 2701 657 2776 taurum
670 2696 739 2769 tibi,
762 2696 913 2772 Iuppiter,
928 2712 1022 2758 unum

182 2786 234 2842 580
289 2776 411 2853 Victor,
427 2783 457 2838 et
468 2778 644 2841 Euandrum
659 2780 872 2857 ruricolasque
887 2785 990 2841 vocat.

254 2859 475 2937 constituitque
494 2862 568 2938 sibi,
590 2881 670 2944 quae
687 2863 821 2927 Maxima
835 2864 959 2937 dicitur,
976 2878 1066 2937 aram,

294 2945 351 3006 Η10
364 2943 417 3006 001
432 2963 504 3023 pars
519 2946 610 3010 Urbis
626 2950 665 3010 (10
683 2949 765 3009 b'ove
779 2963 890 3009 nornen
904 2947 1006 3009 habet.

252 3029 315 3089 Nec
333 3035 414 3091 tacet
426 3030 562 3092 Euandri
582 3037 692 3107 rnater,
712 3045 811 3108 prope
825 3039 946 3110 tempus
961 3030 1081 3104 adesse,

294 3113 425 3176 Hercule
439 3133 501 3191 quo
516 3118 605 3178 tellus
622 3116 661 3176 sit
675 3115 750 3177 satis
759 3132 823 3176 usa
837 3133 907 3179 suo.

182 3207 234 3262 585
248 3198 289 3259 At
303 3197 376 3258 lelix
391 3206 494 3272 vates,
509 3207 542 3262 ut
557 3199 604 3260 ‹lis
621 3199 796 3277 gratissima
811 3199 895 3276 vixit,

295 3279 438 3345 Possidet
451 3284 532 3345 bunc
547 3283 610 3344 lani
624 3283 670 3344 sio
684 3283 743 3344 dea
756 3299 863 3346 mense
878 3283 969 3344 diem.
