2492 3926
382 251 437 324 ιιι,
457 248 613 325 aue-rv,
635 250 687 312 aa.

320 481 469 563 LIBER
508 480 756 573 abierut.

109 621 236 727 ‘Alma
260 653 350 729 lave,’
366 651 430 714 dixi
444 651 644 726 ‘geminorum
660 658 756 712 mater
770 655 950 716 Amorumt¹

156 738 208 797 Ad
221 744 322 798 vatem
336 737 438 798 voltus
453 734 565 795 rettulit
578 733 629 794 illa
644 751 730 796 suos.

108 822 207 896 ‘Quid
224 819 288 881 tibi'
304 820 346 880 ait
359 823 512 880 ‘mecumt
533 824 615 878 certe
629 818 744 879 maiora
759 817 901 880 canebas.

151 905 231 966 Num
244 911 333 965 vetus
347 903 378 963 in
392 903 475 963 molli
491 907 616 977 pectore
630 903 741 962 volnus
756 901 892 963 habest'

75 1000 92 1048 5
109 987 207 1062 ‘Seis
224 986 304 1062 dea,’
319 986 466 1062 respondi
481 985 534 1044 ‘de
548 985 698 1046 volnere!
724 985 799 1058 risit,
816 992 845 1045 et
858 987 964 1048 aether

150 1071 293 1131 Protinus
309 1085 348 1130 ex
362 1071 414 1130 illa
430 1074 517 1144 parte
531 1083 658 1128 serenus
673 1076 746 1128 erat.

106 1154 272 1226 ‘Saucius
289 1168 327 1213 an
343 1168 447 1226 sanus,
463 1152 610 1226 numquid
624 1158 676 1212 tua
690 1151 778 1227 signa
791 1153 920 1230 reliquit

149 1239 198 1298 Tu
210 1236 283 1296 mihi
297 1238 497 1313 propositum,
516 1241 549 1295 tu
563 1235 635 1294 milri
651 1250 773 1312 semper
788 1251 876 1312 opus.

105 1322 198 1395 Quae
212 1319 326 1394 decuit,
350 1321 453 1396 primis
469 1319 535 1379 sine
550 1318 674 1378 crimine
687 1319 815 1380 lusimus
830 1322 933 1380 annisa

60 1415 92 1465 10
152 1403 242 1463 Nune
254 1404 359 1465 teritur
373 1403 486 1463 nostris
502 1417 573 1462 area
587 1403 684 1462 maior
698 1403 797 1478 equis.

106 1489 265 1562 Tempora
279 1501 347 1548 curn
363 1487 474 1561 causis,
493 1484 653 1545 annalibus
669 1491 754 1546 eruta
768 1486 888 1561 priscis,

152 1571 321 1646 Lapsaque
334 1569 393 1630 snb
414 1577 512 1630 terras
528 1575 656 1644 ortaque
671 1569 760 1643 signa
774 1583 861 1628 nano.

106 1654 262 1715 Venimus
278 1654 318 1714 ad
334 1659 481 1729 quartum,
505 1667 566 1728 quo
581 1659 611 1711 tu
628 1650 824 1712 celeberrima
838 1667 954 1712 mense.

151 1737 193 1797 Et
205 1744 306 1797 vatem
320 1745 349 1797 et
363 1751 498 1797 mensem
514 1735 591 1808 seis,
614 1736 735 1810 Venus,
759 1750 830 1796 esse
844 1740 937 1796 tuos!

60 1830 91 1880 15
105 1820 196 1881 Mota
210 1820 389 1897 Cytheriaca
401 1820 509 1879 leviter
522 1834 591 1878 mea
604 1824 858 1896 temporamyrto

154 1903 285 1979 contigit
298 1910 328 1965 et
341 1905 500 1979 ‘coeptum
516 1901 642 1978 periloe’
656 1902 733 1962 dixit
746 1905 863 1977 ‘opus’

109 1987 289 2062 Sensimus,
311 1995 341 2048 et
358 2002 471 2048 causae
486 1986 585 2047 subito
602 1992 727 2062 patuere
742 1986 868 2045 dierum.

152 2070 233 2130 Dum
246 2070 317 2130 licet
330 2077 360 2131 et
374 2071 492 2148 spirant
508 2069 640 2144 flamina,
656 2070 744 2129 navis
759 2075 818 2130 eat.

109 2153 144 2214 Si
162 2169 223 2228 qua
236 2160 337 2214 tamen
352 2171 425 2230 pars
440 2161 470 2214 te
485 2155 524 2214 de
539 2154 627 2214 iestis
642 2159 767 2230 tangere
782 2153 881 2226 debet,

65 2245 98 2298 tt·
160 2235 288 2314 caesar,
310 2238 340 2298 in
356 2237 470 2312 Aprili,
494 2252 555 2313 quo
569 2237 712 2313 tenearis,
728 2234 835 2297 habes.

106 2320 169 2380 Hic
186 2320 225 2379 ad
238 2328 268 2381 te
282 2335 392 2397 magna
406 2320 567 2381 descendit
579 2320 710 2394 imagine
724 2319 848 2394 mensis,

148 2403 192 2463 Et
208 2403 241 2464 fit
255 2405 400 2481 adoptiva
414 2403 569 2464 nobilitate
583 2410 661 2464 tuus.

105 2487 179 2546 Hoc
194 2494 280 2561 pater
292 2488 417 2570 Iliades,
434 2503 501 2547 curn
516 2488 639 2562 longum
654 2487 800 2548 scriberet
814 2501 934 2558 annum,

147 2569 250 2645 Vidit,
273 2578 304 2631 et
317 2578 458 2632 auctores
474 2571 586 2632 rettulit
599 2570 668 2646 ipse
685 2585 770 2632 suos.

61 2662 90 2715 te
104 2655 212 2726 thue
225 2655 290 2714 iero
303 2654 391 2715 Marti
406 2655 534 2731 primam
549 2653 633 2714 dedit
647 2653 753 2714 ordine
768 2659 889 2722 sortem,

148 2735 241 2810 Quod
255 2736 313 2797 sibi
328 2738 464 2799 nascenti
478 2738 619 2813 proxima
633 2752 728 2798 causa
741 2737 805 2812 luit,

106 2819 162 2880 Sic
178 2818 328 2880 Venerem
341 2820 487 2896 gradibus
501 2821 602 2882 nrultis
620 2821 650 2880 in
664 2827 754 2895 gente
768 2824 919 2895 repertam

146 2902 285 2964 Alterius
301 2904 395 2965 voluit
408 2904 522 2966 mensis
537 2904 651 2964 habere
664 2904 779 2962 locum:

103 2984 354 3064 Principiumque
368 2989 416 3049 sui
432 2988 553 3064 generis
567 2987 766 3061 revolutaque
781 3002 932 3062 quaerens

59 3077 90 3130 ιο
147 3068 298 3144 Saecula,
316 3078 465 3147 cognatos
481 3071 563 3131 venit
576 3071 718 3147 adusque
733 3070 820 3132 deos.

103 3152 275 3213 Dardanon
287 3154 409 3216 Electra
422 3154 555 3215 nesciret
567 3153 722 3215 Atlantide
736 3161 837 3214 natum

145 3233 287 3311 Scilicet,
307 3238 448 3298 Electran
465 3237 669 3300 concubuisse
683 3237 767 3297 lovit

102 3319 208 3380 Huius
222 3317 450 3383 Erichthonium
472 3323 548 3382 Tros
563 3327 611 3381 est
624 3327 787 3396 generatus
802 3321 840 3381 ab
855 3323 923 3382 illo:

145 3404 326 3465 Assaracon
342 3412 426 3466 creat
438 3405 503 3480 hio,
523 3405 761 3480 Assaracusque
777 3404 892 3482 Capyn.

59 3490 88 3543 le
103 3485 270 3547 Proximus
282 3489 452 3563 Anchises,
476 3504 544 3548 cum
560 3503 621 3562 quo
638 3502 795 3547 commune
810 3487 944 3562 parentis
