2394 3940
80 11 150 89 Ῑ

389 229 417 272 ν.
440 210 596 276 70-145.

109 366 240 440 Deneget
254 363 388 426 adflatus
405 372 514 427 ventus
529 372 559 426 et
573 381 647 425 eura
659 381 744 426 suos.

74 451 131 510 Nee
142 447 193 508 tibi
207 449 255 508 soi
270 447 398 523 eatidus,
422 465 478 509 nee
493 450 533 510 sit
546 448 599 510 tibi
614 448 717 509 lueida
731 448 863 529 Phoebe,

25 544 69 596 110
113 533 277 592 Destituant
292 535 400 593 oeulos
415 534 518 594 sidera
532 534 615 593 clara
629 539 708 592 tuos.

78 617 133 676 Nee
146 631 178 676 se
191 617 348 690 odoenus,
371 633 429 677 neo
442 633 478 676 se
492 617 545 677 tibi
562 615 706 692 praebeat
721 619 782 690 air,

114 699 171 759 Nee
184 698 234 758 tibi
249 697 301 758 det
315 700 414 774 tellus,
437 715 494 761 nee
509 700 562 760 tibi
577 706 690 775 pontus
705 699 770 760 iter.

81 783 156 857 Exul,
177 783 263 858 inops
279 799 373 858 orrea,
396 783 559 860 alienaque
573 783 676 844 limina
691 784 813 856 lustres

116 867 319 942 Exiguumque
333 875 421 944 petas
437 883 490 929 ore
505 873 652 930 tremente
667 866 778 929 cibum.

28 958 73 1010 115
82 949 134 1009 Nee
146 966 254 1026 eorpus
270 953 409 1027 querulo,
431 968 489 1013 nee
504 969 590 1013 mens
606 957 693 1011 vacet
708 966 800 1026 aegra
816 951 937 1013 doloret

113 1033 234 1111 Noxque
250 1035 300 1094 die
314 1037 437 1110 gra'vior
452 1037 492 1097 sit
505 1036 568 1111 tibi,
590 1042 680 1096 nocte
696 1034 773 1095 dies.

82 1116 179 1193 Sisque
191 1118 284 1179 miser
297 1135 429 1196 semper,
451 1136 509 1181 nee
523 1121 567 1181 sis
583 1118 764 1180 miserabitis
780 1119 847 1180 uitia

115 1201 243 1262 Gaudeat
258 1203 399 1264 adversis
416 1204 528 1264 semina
544 1203 651 1278 virque
665 1202 735 1263 tuis.

81 1286 200 1346 decedat
213 1286 346 1347 lacrimis
362 1289 475 1362 odium,
491 1288 664 1363 dignusque
676 1294 792 1362 putere,

31 1373 73 1426 tio
116 1369 164 1442 Qui
177 1371 256 1430 maie
270 1387 338 1431 eum
355 1371 457 1433 tuleris
474 1371 611 1448 plurima,
634 1371 722 1445 plura
736 1372 827 1430 ieras.

85 1449 182 1528 Sitque,
204 1455 289 1530 quod
305 1462 352 1514 est
366 1472 477 1529 rarum,
499 1456 590 1517 solito
607 1455 726 1515 deiecta
741 1455 847 1514 favore

115 1535 255 1598 Fortunae
271 1538 367 1600 iacies
382 1540 537 1601 invidiosa
552 1546 631 1600 tuae.

85 1617 224 1697 Causaque
239 1637 301 1682 non
317 1622 405 1696 desit,
430 1623 510 1685 desit
524 1622 577 1683 tibi
593 1622 684 1698 eopia
698 1623 819 1686 mortiet

118 1701 244 1780 Optatam
260 1706 357 1781 rugiat
370 1708 432 1768 vita
446 1715 553 1769 coacta
567 1721 687 1766 neeem=

33 1796 75 1848 125
84 1784 269 1865 Luctatusque
284 1790 335 1851 diu
352 1791 503 1854 cruciatos
519 1789 645 1867 spiritus
660 1793 743 1848 artus

115 1871 239 1947 Deserat,
264 1881 294 1935 et
307 1876 400 1952 longo
413 1883 555 1951 torqueat
569 1880 639 1933 ante
653 1887 747 1932 mora.

84 1952 218 2018 Evenient.
249 1959 341 2020 Dedit
355 1959 425 2035 ipse
441 1959 513 2020 mihi
528 1958 622 2020 modo
638 1956 727 2031 signa
741 1956 833 2016 futuri

114 2039 254 2114 Phoebus,
275 2048 306 2104 et
319 2059 339 2102 a
352 2044 441 2104 laeva
454 2052 572 2105 maesta
586 2040 700 2102 volavit
715 2040 792 2102 avis.

84 2122 153 2184 terte
167 2141 231 2200 ego,
257 2143 337 2203 quae
353 2144 462 2204 voveo,
484 2143 618 2204 superos
633 2131 752 2186 motura
766 2122 893 2199 putabor

34 2217 74 2272 tto
113 2205 228 2284 Speque
242 2216 312 2272 tuae
326 2213 441 2288 mortis,
463 2211 592 2288 perfide,
615 2225 738 2286 semper
752 2208 825 2268 alar.

79 2289 108 2348 tt
117 2293 195 2367 prius
210 2293 289 2354 hane
305 2295 444 2368 animam,
467 2296 592 2356 nimium
605 2294 658 2354 tibi
674 2307 770 2369 saepe
785 2292 917 2369 petitam,

110 2376 229 2437 Auferet
242 2377 294 2449 itta
309 2380 386 2454 dies,
410 2396 490 2457 quae
505 2379 577 2440 mihi
592 2393 664 2439 sera
680 2377 771 2436 venit

77 2455 240 2533 Pugnabunt
253 2463 360 2523 iaeuiis
376 2463 448 2525 dum
461 2464 604 2534 Thraces
627 2462 757 2538 lazyges
773 2474 855 2530 areu,

111 2542 182 2602 lium
196 2546 318 2622 tepidus
334 2546 466 2623 Ganges,
489 2546 617 2621 frigidus
632 2544 734 2604 Hister
749 2543 813 2614 erit,

33 2629 67 2682 tto
76 2624 184 2687 Robora
198 2629 271 2689 dum
285 2637 415 2704 montes,
439 2632 511 2691 dum
526 2630 639 2706 pabula
654 2628 757 2689 mollia
771 2625 879 2701 campi,

108 2709 180 2771 Dum
193 2713 309 2776 Tiberis
325 2714 458 2791 liquidas
473 2716 592 2775 Tuscus
608 2712 732 2773 habebit
746 2725 854 2787 aquaS,

75 2793 147 2854 Bella
161 2813 264 2871 geram
278 2805 388 2859 tecum.
417 2815 474 2858 nee
489 2814 572 2859 mors
587 2796 660 2857 mihi
675 2797 759 2856 finiet
772 2795 843 2868 iras,
894 2833 901 2844 -

108 2879 203 2942 Saeva
218 2883 276 2942 sed
289 2883 320 2943 in
336 2899 442 2943 manes
458 2881 599 2942 manibus
614 2896 698 2941 arma
714 2878 806 2940 dabit.
880 2883 882 2888 ’

74 2962 144 3022 Tune
155 2982 293 3050 quoque,
317 2983 385 3028 eum
400 2969 486 3028 tuero
501 2982 616 3027 vacuas
632 2966 771 3040 dilapsus
786 2963 817 3022 in
832 2977 933 3035 auras,

33 3055 65 3107 tit
103 3047 255 3110 Exanimis
270 3068 374 3112 mores
390 3050 489 3111 oderit
503 3051 611 3111 umbra
625 3055 704 3110 tuos.

71 3129 142 3191 Tune
157 3149 282 3210 qnoque
297 3137 446 3196 raetorum
462 3136 582 3196 veniam
597 3149 714 3194 memor
728 3130 835 3193 umbra
849 3136 977 3202 tuorum,

104 3216 248 3292 insequar
264 3225 294 3280 et
309 3222 411 3280 vuitus
427 3235 521 3282 ossea
536 3221 621 3279 larva
638 3225 716 3279 tuos.

71 3296 132 3358 Sive
148 3315 216 3376 ego,
241 3303 325 3377 quod
340 3304 449 3379 nolim,
471 3303 573 3379 longis
589 3307 788 3378 consumptus
803 3297 842 3359 ab
856 3295 954 3371 annis,

103 3382 171 3444 Sive
185 3402 278 3447 manu
293 3388 374 3448 taeta
388 3394 485 3448 morte
500 3387 618 3448 solutus
638 3401 706 3446 ero:

21 3469 60 3556 dit
69 3464 130 3526 Sive
143 3485 200 3543 per
213 3469 371 3531 inmensas
386 3470 523 3532 iactabor
537 3469 703 3546 naufragus
718 3469 827 3586 undas,

747 3557 763 3614 7
