2492 3926
163 225 225 288 alo
511 219 833 284 HALIEUTtCON

246 378 384 459 Polypus
399 378 503 438 lraercl
519 385 548 437 ct
562 377 620 436 lrac
635 375 728 434 cludit
742 374 818 434 retia
833 373 950 448 fraude,

246 463 282 524 Et
297 461 353 524 sult
370 463 438 538 lege
453 462 512 524 loci
528 461 620 522 surnlt
635 465 793 533 mutatque
808 459 952 533 colorem,

247 545 375 623 Semper
390 547 417 606 ci
433 547 540 607 similis
557 561 646 620 quern
662 542 796 618 contigit.
826 550 917 617 atque
932 543 983 603 ubi
1000 545 1151 619 praedam
1243 545 1244 554 ’

194 642 228 696 35
243 631 430 692 Pendentem
450 631 525 690 sctis
541 630 651 688 aridus
666 627 761 702 rapit,
776 626 827 686 hic
843 643 968 703 quoque
985 628 1070 702 fallit,

245 717 331 776 Elato
349 715 467 774 calamo
486 731 553 774 cum
571 715 692 773 demum
709 727 849 772 erncrsus
865 711 895 770 in
916 727 1006 772 auras

245 801 374 860 Brachia
390 798 533 858 dissolvit
548 799 787 873 populatumque
802 796 907 872 expuit
919 795 1053 857 hamum.

244 889 285 944 nt
299 883 392 958 mugil
407 883 506 942 cauda
521 881 703 958 pendentem
719 880 880 942 everberat
896 896 1008 954 escam,

244 968 478 1042 Excussamque
492 966 573 1041 legit.
602 966 707 1040 Lupus
724 964 786 1024 acri
802 964 939 1026 concitus
955 967 999 1024 ira

195 1058 230 1110 lo
245 1053 393 1112 Discursu
411 1053 505 1111 lertur
519 1050 604 1112 vario
621 1047 796 1124 fluctusque
812 1050 944 1110 serentes

246 1136 457 1212 Prosequitur,
474 1141 664 1211 quassatque
680 1140 785 1209 caput,
801 1134 873 1194 dum
888 1135 1012 1194 vulnere
1028 1149 1147 1194 saevus

244 1222 360 1282 Laxato
378 1220 468 1280 cadat
481 1220 591 1280 luamus
607 1225 637 1278 et
653 1235 707 1280 ora
723 1218 855 1293 patentia
875 1218 1001 1293 linquat.

244 1305 306 1364 Nec
323 1305 465 1379 proprias
482 1305 562 1364 vires
579 1303 677 1363 nescit
692 1319 815 1362 murena
833 1302 966 1363 nocendi

246 1388 462 1462 Atrxiliunrque
477 1389 534 1448 sui.
565 1404 670 1449 morsu
686 1403 744 1448 nac
759 1387 897 1448 cominus
913 1387 975 1445 acri
1054 1381 1056 1385 ’

194 1476 228 1526 45
243 1473 367 1548 Delicit,
384 1480 437 1534 aut
451 1473 570 1533 animos
585 1473 671 1548 ponit
686 1473 809 1546 captiva
822 1471 959 1533 minacis.

245 1556 375 1618 Antlrias
391 1557 455 1632 his,
472 1565 556 1632 tergo
574 1572 654 1632 quae
670 1557 845 1631 nonvidct,
860 1556 952 1617 utitur
967 1555 1070 1630 arinis

243 1643 314 1702 Virn
330 1642 438 1716 spinae
452 1642 599 1716 novitque
614 1657 704 1715 suae,
721 1656 874 1716 versoque
889 1641 1017 1716 supinus

246 1727 381 1801 Corpore
395 1726 458 1785 lina
473 1733 572 1800 sacal,
588 1725 745 1800 fixumque
760 1725 910 1800 intercipit
924 1724 1055 1786 hamum.

288 1810 422 1888 [Cetera
440 1825 520 1885 quae
536 1811 650 1870 densas
667 1809 802 1870 habitant
817 1810 957 1870 animalia
972 1809 1080 1886 silvas,

193 1903 228 1954 50
241 1895 302 1956 Aut
319 1895 388 1954 vani
404 1895 540 1970 quatiunt
555 1907 678 1970 semper
691 1895 847 1973 lymphata
862 1895 995 1970 timores,

243 1981 305 2038 Aut
321 1979 412 2040 trahit
426 1981 455 2039 in
474 1995 624 2056 praeceps
640 1995 701 2039 non
717 1995 794 2039 sana
808 1979 922 2040 ferocia
936 1979 1056 2039 mentis.

243 2063 253 2120 l
259 2079 315 2137 psa
332 2065 414 2138 quati
430 2071 536 2125 natura
551 2069 655 2124 monet
668 2064 718 2123 vel
737 2064 875 2125 corninus
892 2064 944 2124 irc.

243 2147 365 2222 inpiger
381 2163 453 2206 ecce
468 2149 516 2206 leo
533 2155 695 2208 venantum
712 2155 846 2208 sternere
861 2148 959 2223 pergit

245 2231 390 2304 Agmina,
409 2237 439 2290 et
454 2225 594 2292 adversis
608 2233 698 2293 insert
716 2249 773 2292 sua
788 2238 913 2308 pectora
927 2232 1010 2292 telis:

193 2319 226 2370 55
244 2313 372 2390 Quoque
387 2315 471 2377 venit
486 2315 585 2376 fidens
601 2317 699 2392 magis
715 2324 744 2376 ct
759 2316 906 2376 sublatior
920 2316 1014 2387 ardel,

190 2449 192 2456 .
245 2400 467 2474 concussitque
482 2407 565 2461 toros
584 2408 614 2461 ct
628 2401 743 2460 viribus
760 2400 877 2460 addidit
890 2399 973 2474 iram,

242 2483 375 2544 Procidit
389 2492 481 2560 atque
496 2501 552 2546 suo
569 2493 713 2562 properat
728 2484 785 2546 sibi
800 2485 912 2546 rolrorc
926 2483 1025 2542 letum.

242 2567 366 2630 Foedus
381 2571 511 2630 Lucanis
527 2569 716 2646 provolvitur
729 2585 821 2630 ursus
836 2569 875 2628 ab
891 2568 984 2628 antris

244 2653 322 2726 Quid
340 2654 398 2714 nisi
413 2655 537 2729 pondus
552 2655 634 2714 iners
650 2654 842 2728 stolidaeque
857 2653 971 2714 ferocia
989 2653 1126 2713 mentis?

192 2745 226 2798 60
240 2739 336 2799 Actus
352 2752 427 2813 aper
447 2739 521 2798 setis
536 2739 611 2798 iranr
626 2739 788 2798 denunciat
799 2737 885 2800 hirtis

241 2821 278 2880 Et
292 2821 350 2883 ruit
365 2823 499 2898 oppositi
514 2822 612 2884 nitens
629 2823 657 2882 in
673 2825 800 2884 vulnera
817 2820 896 2894 loiri,

241 2905 372 2966 Pressus
388 2912 417 2967 ct
436 2908 550 2968 emisso
566 2908 692 2969 moritur
706 2907 896 2984 perviscera
910 2906 980 2966 telo.

242 2991 346 3050 Altera
362 3007 433 3066 pars
448 2991 548 3052 fidens
566 2993 697 3068 pedibus
713 2993 764 3052 dat
779 2998 864 3066 terga
880 2989 1029 3066 sequenti,

242 3073 280 3134 Ut
295 3074 399 3150 pavidi
414 3075 551 3152 lepores,
567 3084 600 3137 ut
614 3077 697 3136 iulvo
713 3083 834 3152 tergore
850 3076 959 3139 damae

192 3173 224 3225 65
240 3158 276 3216 Et
291 3166 380 3234 capto
398 3159 517 3234 fugiens
537 3176 648 3221 cervus
665 3160 731 3220 sinc
746 3161 807 3220 fine
822 3160 939 3221 timore.

241 3242 297 3300 liic
312 3257 482 3316 generosus
498 3244 598 3306 honos
614 3251 644 3305 el
658 3247 756 3320 gloria
771 3245 867 3306 maior
883 3258 1040 3320 equorum.

241 3325 316 3384 Nam
332 3326 456 3399 capiunt
470 3329 578 3388 anirnls
595 3331 725 3403 palmam
740 3329 936 3404 gaudentque
948 3326 1116 3401 triumpho,

241 3406 304 3466 'Seu
320 3414 438 3482 septem
453 3411 560 3485 spatiis
579 3411 664 3472 Circo
680 3427 817 3472 meruere
833 3427 988 3474 coronam.

242 3488 350 3548 Nonne
368 3491 455 3550 rides
471 3493 568 3553 victor
584 3501 697 3569 quanto
716 3494 875 3556 sublimius
890 3496 983 3556 altum
