2492 3926
189 201 251 264 Μ
561 199 819 262 FAsTottUrt

272 353 360 426 Quod
374 353 490 412 Remus
506 350 651 425 ignorans
666 349 797 412 humiles
813 359 1009 414 contemnere
1024 373 1139 417 muros

314 435 436 510 Coepit,
453 442 483 494 et
497 434 565 494 ‘His
579 433 726 509 populus’
744 435 848 496 dicere
864 442 959 497 ‘tutus
974 439 1068 498 erltt‘

270 519 332 579 Nec
348 535 449 592 mora,
465 516 623 578 transiluit.
652 523 735 578 rutro
752 518 839 578 celer
853 528 985 595 occupat
999 539 1128 583 ausum.

314 603 368 662 llle
384 603 496 678 premit
510 601 616 660 duram
633 602 886 676 sanguinulentus
902 602 1039 665 humum.

208 693 259 748 845
275 687 359 746 Haec
373 687 426 747 ubl
440 702 495 746 rex
512 684 632 758 didicit,
649 685 790 746 lacrimas
804 687 958 748 introrsus
974 687 1107 749 obortas

315 773 462 842 licuerat,
479 776 509 828 et
522 769 659 829 clausum
675 774 800 844 pectore
815 771 928 834 volnus
944 770 1048 832 babet.

272 853 359 915 Flere
374 854 474 930 palam
489 867 552 912 non
566 852 644 923 volt,
660 853 865 929 exemplaque
879 855 970 914 tortia
987 863 1106 928 servat,

316 938 455 1011 ‘Sic’que
470 942 569 996 ‘meos
585 951 689 996 muros
704 943 840 997 transeat
853 937 965 998 bostls’
981 939 1033 999 ait.

272 1023 330 1082 Dat
343 1028 443 1082 tamen
458 1020 615 1096 exequias.
643 1034 700 1079 nec
720 1020 780 1080 iarn
795 1022 988 1096 suspendere
1004 1021 1117 1083 lleturn

208 1109 261 1163 85⁰
318 1105 467 1177 Sustinet,
484 1110 513 1164 et
526 1103 625 1180 pietas
638 1103 828 1164 dissimulata
841 1112 934 1180 patet.

275 1185 448 1265 Osculaque
462 1187 610 1263 adplicuit
625 1188 726 1262 posito
744 1205 890 1263 suprema
907 1190 1030 1255 feretro,

314 1274 417 1346 Atque
432 1271 487 1344 ait,
509 1270 620 1331 ‘Invito
638 1272 729 1332 trater
744 1272 903 1347 adempte,
921 1274 1023 1331 vale·’

272 1357 471 1429 arsurosque
489 1361 573 1416 artus
588 1357 683 1416 unxit.
708 1356 822 1430 iecere,
839 1356 925 1430 quod
937 1357 997 1428 ille,

314 1440 478 1501 Faustulus
494 1446 523 1499 et
538 1446 671 1499 maestas
687 1441 773 1500 Acca
788 1440 890 1499 soluta
905 1455 1021 1499 eomas.

209 1538 260 1592 855
275 1524 350 1583 Tum
364 1523 505 1584 iuvenem
520 1524 655 1583 nondum
675 1523 745 1582 laeti
761 1523 876 1584 llevere
891 1523 1034 1597 Quirites.

313 1608 425 1668 Ultima
439 1606 559 1683 plorato
575 1605 697 1667 subdita
711 1605 834 1666 flamma
848 1622 925 1682 rogo
940 1613 997 1666 ost.

271 1692 351 1753 Urbs
366 1691 490 1752 oritur...
507 1691 575 1766 quis
590 1697 659 1749 tunc
674 1690 735 1750 boc
751 1691 804 1750 ulli
819 1691 945 1750 credere
960 1699 1135 1766 possets...

312 1775 469 1837 Victorem
483 1774 571 1834 terris
585 1774 763 1850 impositura
777 1774 898 1850 pedem.

274 1859 507 1934 Senomagos,
524 1866 554 1919 et
569 1859 613 1918 sis
628 1873 739 1933 magno
756 1857 812 1917 sub
828 1857 960 1917 Caesare
974 1872 1128 1934 sempera

207 1949 261 2006 880
317 1941 420 2019 Saepe
433 1943 522 2004 etiam
538 1943 635 2018 pluris
650 1941 781 2002 nominis
796 1941 886 2001 huius
901 1940 995 2000 habe:

273 2025 310 2086 Et
325 2027 467 2101 quotiens
483 2028 602 2087 steteris
618 2025 733 2087 domito
749 2024 888 2085 sublimis
904 2025 934 2084 in
950 2023 1035 2096 orbe,

316 2109 424 2169 Omnia
438 2111 499 2172 sint
512 2109 646 2170 humeris
662 2110 806 2170 interiora
819 2109 890 2168 tuis.

462 2242 513 2304 22.
537 2243 608 2303 HN
651 2242 702 2306 23.
730 2245 759 2304 A
777 2241 924 2303 vtum)

271 2361 359 2423 Dicta
375 2361 464 2424 Pales
479 2363 579 2424 nobis.
605 2363 687 2422 idem
700 2361 822 2421 Vinalia
836 2362 946 2422 dicam.

314 2447 382 2508 Una
396 2453 497 2508 tamen
510 2445 612 2506 media
626 2454 674 2506 est
687 2445 764 2505 inter
779 2451 937 2519 utramque
953 2443 1031 2504 dies.

209 2538 261 2593 888
277 2531 406 2592 Numina
419 2533 563 2606 volgares
578 2529 709 2590 Veneris
725 2528 878 2589 celebrate
894 2528 1030 2603 puellae!

312 2615 409 2675 Multa
423 2615 632 2690 professarum
650 2612 827 2688 quaestibus
845 2618 918 2687 apta
930 2612 1053 2670 Venus.

271 2699 392 2758 Pascite
407 2704 473 2756 ture
488 2697 559 2756 dato
574 2697 703 2758 lormam
720 2696 888 2771 populique
902 2697 1053 2768 levorem,

312 2779 435 2841 Pascite
449 2779 612 2839 blanditias
627 2779 780 2855 dignaque
796 2778 892 2838 verba
906 2779 985 2839 ioco.

273 2864 409 2937 Cumque
425 2880 481 2924 sua
495 2863 637 2923 dominae
651 2864 722 2923 date
736 2869 822 2938 grata
837 2862 1001 2939 sisymbria
1016 2875 1137 2940 myrto

208 2961 261 3016 870
316 2947 469 3022 Tectaque
486 2947 657 3023 composita
672 2947 782 3006 iuncea
796 2947 897 3007 vincla
908 2961 990 3005 rosa.

271 3033 397 3106 Templa
412 3030 596 3106 frequentari
612 3030 746 3090 Collinae
761 3029 902 3105 proxima
918 3035 1027 3105 portae

314 3114 401 3175 Nunc
416 3115 512 3175 decet.
542 3132 560 3176 a
575 3111 678 3174 Siculo
693 3113 818 3174 nomina
832 3114 910 3174 colle
926 3119 1038 3174 tonent.

272 3199 372 3274 thue
390 3197 562 3274 Syracusas
576 3196 779 3257 Arethusidas
794 3196 918 3258 abstulit
933 3196 1026 3256 armis

316 3281 475 3355 claudius,
493 3291 523 3342 et
536 3281 616 3342 bello
632 3288 662 3341 to
677 3296 800 3357 quoque
816 3281 911 3357 cepit,
931 3280 1027 3354 Eryx,

208 3375 260 3431 878
276 3367 414 3426 Carmine
428 3366 544 3426 vivacis
557 3367 665 3426 Venus
681 3371 729 3424 est
743 3365 890 3425 translata
905 3361 1058 3438 Sibyllae,

315 3451 412 3525 Inque
426 3465 501 3510 suae
516 3449 619 3524 stirpis
635 3449 738 3507 maluit
752 3448 827 3508 urbe
847 3447 916 3508 coli.
