2372 3928
33 3205 52 3411 't

151 177 217 242 ret
544 167 603 228 ux
624 164 770 224 rouro

274 321 347 398 Ipso
359 326 460 382 minen
473 317 569 378 virtus
585 317 693 376 ordine
706 314 804 378 manr
818 315 883 378 erit.

232 405 299 468 Non
314 410 405 480 negat
418 402 479 463 boo
493 401 609 474 Hister,
626 399 712 460 cuius
727 407 779 462 tua
793 402 920 462 dextera
935 403 1079 478 quondan

183 503 218 555 uo
272 489 436 550 Puniceam
455 485 560 546 Getico
581 485 731 560 sauguine
746 485 818 546 iecit
831 501 953 560 aquam.

231 575 296 637 Non
312 577 403 648 negat
416 571 565 646 Aegisos,
584 583 664 642 quae
679 575 708 629 te
723 569 873 630 subeunte
888 577 1011 646 recepta

274 657 378 719 Sensit
390 656 420 715 in
435 654 558 730 ingenio
572 652 614 712 nii
629 653 698 727 opis
713 667 787 714 esse
804 653 875 714 loci.
1000 655 1002 662 '

231 743 321 817 Nam,
336 738 477 813 dubium,
491 737 595 815 positu
609 737 717 798 meiius
732 736 862 797 detensa
876 753 1016 813 manuve,

273 824 354 887 Urbs
369 831 434 885 erat
447 824 477 883 in
493 836 612 884 summo
627 819 759 882 nubibus
774 836 875 898 aequa
888 821 973 896 iugo.

183 920 217 970 aa
233 908 372 970 Sithonio
385 907 450 984 regi
465 907 548 967 ierus
562 905 765 979 interceperat
778 905 861 966 iiiam

274 992 379 1056 Hostis
394 999 423 1052 et
437 997 560 1066 ereptas
574 989 672 1050 victor
685 987 818 1050 habebat
832 1005 920 1065 opos.

233 1078 338 1137 Donec
353 1076 497 1136 flumineo
511 1075 641 1134 devecta
653 1071 796 1134 Vitellius
811 1074 904 1134 unda·

274 1160 388 1234 lntutit,
403 1157 546 1234 exposito
561 1157 669 1231 milite,
685 1157 774 1232 signa
789 1157 883 1219 Getis.

236 1245 274 1303 at
285 1242 354 1316 tibi,
368 1243 533 1318 progenies
548 1241 600 1301 alti
616 1240 782 1302 fortissima
794 1241 916 1317 Domui,

184 1330 219 1382 eo
273 1325 409 1386 venitin
424 1325 576 1386 adversos
590 1324 722 1400 impetus
736 1327 782 1386 ire
795 1325 890 1386 viros.

232 1411 295 1470 Neo
309 1425 409 1481 mora,
431 1409 618 1484 conspicuus
633 1410 724 1484 longe
738 1407 925 1485 fulgentibus
939 1409 1041 1486 armis,

270 1494 425 1554 Fortiana
439 1493 561 1570 possint
574 1495 654 1554 iacta
668 1494 777 1568 latere,
793 1508 895 1565 caves,

232 1578 411 1653 Ingentique
424 1577 523 1652 gradu
538 1584 643 1638 eontra
656 1577 832 1654 terrunque
851 1578 1018 1654 iocumque

275 1661 420 1736 Saxaque
434 1660 563 1728 brumali
576 1661 725 1735 grandine
740 1663 827 1737 plura
841 1660 938 1748 subis.

180 1745 293 1810 eadee
306 1751 337 1805 te
354 1747 450 1806 missa
463 1761 558 1822 super
570 1745 736 1806 iaculorum
750 1744 839 1806 turbo
853 1753 995 1820 moratur,
1104 1791 1105 1794 ,
1171 1807 1172 1836 ¹

274 1829 336 1888 Nec
352 1844 432 1905 quae
446 1830 572 1904 vipereo
588 1830 648 1889 tela
664 1844 773 1888 cruore
787 1829 921 1889 madent.

235 1911 361 1988 Spicula
374 1928 442 1974 oum
459 1912 547 1988 pictis
562 1911 732 1972 haerentia
747 1912 869 1974 casside
886 1913 997 1989 pinnis,

274 1995 413 2070 Parsque
427 1997 491 2055 iere
505 1996 583 2057 scuti
598 1996 725 2056 vulnere
738 1996 821 2056 nulia
834 2003 935 2056 vacat.

232 2080 296 2139 Neo
310 2095 423 2153 eorpus
439 2087 565 2140 cunctos
580 2077 707 2139 ieiiciter
722 2079 829 2155 effugit
842 2078 940 2142 ictus=

183 2170 219 2223 to
275 2160 336 2221 Sed
352 2161 450 2221 miuor
464 2168 512 2222 est
526 2161 589 2222 aori
603 2161 702 2222 laudis
717 2177 821 2225 amore
836 2163 935 2224 dolor.

232 2245 313 2305 Talis
328 2245 410 2320 apud
424 2243 545 2306 Troiam
558 2246 672 2306 Danais
686 2262 742 2321 pro
757 2245 888 2310 navibus
901 2245 983 2328 Aiax

272 2329 389 2391 Dicitur
402 2329 570 2391 Hectoreas
589 2329 774 2392 sustinuisse
788 2332 883 2392 iaces.

232 2414 273 2476 Ut
291 2415 419 2491 propius
432 2423 556 2476 ventrun
570 2421 632 2488 est,
649 2413 833 2491 admotaque
853 2415 981 2480 dextera
995 2416 1120 2476 dextrae

273 2497 398 2574 Resque
414 2500 477 2560 iero
493 2499 592 2575 potuit
605 2497 774 2560 comminus
789 2513 864 2560 ense
878 2499 952 2574 geri,

180 2594 218 2648 45
233 2580 341 2643 Dicere
357 2582 481 2644 difficile
495 2590 557 2658 est,
574 2582 648 2658 quid
661 2582 744 2643 Mars
759 2590 828 2643 tuus
844 2583 939 2658 egerit
951 2583 1023 2658 iiiic,

274 2667 413 2741 Quotque
428 2666 495 2726 neci
511 2665 649 2742 dederis,
665 2681 823 2742 quosque,
840 2667 1014 2744 quibusque
1030 2665 1140 2727 modis.

232 2749 315 2808 Ense
329 2756 381 2809 tuo
397 2749 495 2810 iactos
510 2749 652 2810 calcabas
671 2750 767 2812 victor
781 2765 920 2824 acervos,

272 2832 474 2909 inpositoque
489 2832 580 2894 Getes
595 2833 653 2894 sub
668 2836 749 2910 pcde
763 2836 875 2896 multus
890 2840 964 2895 erat.

232 2916 349 2990 Pugnat
362 2917 402 2977 ad
417 2918 590 2993 exemplum
606 2917 692 2996 primi
707 2919 807 2979 minor
817 2919 925 2980 ordine
938 2919 1002 2994 pili,

181 3011 217 3063 ab
270 3000 425 3076 Multaque
441 3001 499 3064 tert
511 3003 598 3063 miles
614 3005 755 3076 vulnera,
771 3003 864 3064 muita
877 3002 958 3062 iacit.
1023 3041 1029 3049 ·

233 3083 296 3144 Sed
314 3090 428 3146 tautum
442 3085 539 3148 virtus
554 3085 632 3146 aiios
646 3094 699 3146 tua
715 3087 859 3161 praeterit
873 3099 989 3160 omnes,

270 3168 351 3228 Ante
366 3169 443 3230 citos
459 3175 604 3245 quantum
617 3170 755 3246 Pegasus
769 3169 832 3232 ibat
846 3183 956 3246 equos.
1058 3232 1064 3238 ,

230 3250 372 3313 Vincitur
384 3251 528 3329 Aegisos.
558 3259 729 3331 testataque
744 3259 864 3330 tempus
877 3251 909 3314 in
924 3265 1015 3313 ornnc

275 3335 351 3398 Sunt
365 3342 429 3413 tua,
443 3337 592 3412 Vestalis,
609 3339 742 3400 carmine
757 3338 836 3400 iacta
849 3350 929 3398 tneo.

544 3482 758 3494 ——...............-.
