2492 3926
175 199 240 264 280
557 199 581 260 F
587 195 811 262 astolttttt

259 351 358 410 Prima
372 351 465 412 ceres
478 347 603 409 homine
617 348 657 410 ad
675 348 801 410 meliora
815 350 957 411 alimenta
977 363 1088 414 vocato

299 434 427 495 Mutavit
441 433 572 508 glandes
585 433 705 494 utiliore
720 433 801 493 cibo.

258 519 313 577 llla
327 518 398 592 iugo
412 525 518 578 tauros
533 516 645 576 collum
660 515 808 592 praebere
823 517 941 593 eoegltr

298 601 381 662 Tunc
397 601 527 676 primurn
543 599 627 660 soles
642 607 728 660 eruta
743 599 818 660 vidit
831 599 951 661 humus.

192 693 242 748 405
258 689 322 745 Aes
338 685 446 745 eratin
461 684 570 758 pretio.
600 683 763 762 chalybeia
778 699 883 743 massa
896 685 1019 746 latebat.

299 768 402 829 Eheu!
432 775 581 844 perpetuo
597 767 701 829 debuit
715 766 766 826 illa
781 767 852 841 tegi.

256 851 336 912 Pace
351 852 443 912 Ceres
458 852 534 911 laeta
551 857 607 912 est.
637 858 667 911 et
681 866 738 910 vos
755 858 854 925 orate,
876 852 987 928 coloni,

300 935 483 1011 Perpetuam
499 949 607 1009 pacem
622 934 848 1010 pacificumque
862 936 981 996 ducem.
1029 987 1032 993 .

259 1019 352 1079 Farra
367 1020 444 1079 deae
459 1019 618 1092 micaeque
633 1018 704 1078 licet
717 1018 854 1079 salicnhs
868 1018 1018 1079 honorem

187 1113 249 1164 -tlo
301 1102 402 1177 Betis,
417 1109 448 1162 et
461 1101 491 1161 in
509 1109 628 1162 veteres
643 1109 729 1162 turea
743 1117 839 1178 grana
854 1103 952 1166 iocos.

255 1185 306 1260 Et,
327 1185 354 1245 si
367 1192 434 1246 tura
454 1184 596 1260 aberunt,
615 1194 724 1246 unctas
739 1185 897 1247 accendite
911 1186 1027 1247 taedas.

297 1269 394 1330 Parva
409 1269 508 1329 bonae
523 1267 638 1343 cereri,
654 1269 715 1330 sint
727 1269 820 1331 modo
836 1275 936 1346 casta,
952 1271 1080 1346 placent.

256 1351 285 1410 A
297 1351 380 1412 bove
394 1352 540 1413 succincti
555 1353 670 1414 cultros
685 1358 841 1414 removete
856 1353 993 1414 ministri.

299 1435 363 1498 Bos
382 1441 455 1496 aret.
485 1435 629 1511 ignavam
644 1437 815 1498 sacrificate
831 1453 928 1498 suem.

190 1525 243 1580 415
258 1519 341 1596 Apta
355 1520 427 1595 iugo
444 1521 550 1581 cervix
564 1537 626 1580 non
641 1528 690 1581 est
702 1521 841 1581 ferienda
855 1523 972 1582 securi:

298 1604 405 1678 Vivat,
422 1605 496 1664 etin
510 1605 587 1666 dura
601 1619 696 1682 saepe
709 1604 828 1665 laboret
841 1605 944 1666 humo.

255 1687 357 1764 Exigit
371 1687 440 1763 ipse
453 1688 556 1763 loeus,
570 1695 676 1764 raptus
691 1695 724 1748 ut
736 1689 863 1764 virginis
883 1691 982 1750 edam.

298 1771 386 1831 Plura
400 1787 617 1848 recognosces.
645 1787 746 1848 pauca
759 1773 921 1833 doeendus
936 1773 1007 1832 eris.

255 1854 349 1914 Terra
363 1854 460 1916 tribus
476 1855 613 1931 scopulis
631 1862 752 1917 vastum
766 1856 918 1932 procurrit
935 1857 965 1916 in
981 1869 1095 1930 aequor

189 1949 244 2002 420
298 1937 464 2012 Tmnacris,
483 1955 502 1998 a
518 1939 620 2015 positu
634 1955 745 2000 nornen
760 1940 874 2015 adepta
887 1940 963 2000 loci=

258 2022 349 2082 Grata
363 2022 474 2084 domus
490 2021 600 2083 Cereri.
626 2025 736 2085 multas
751 2038 789 2082 ea
804 2023 945 2099 possidat
958 2023 1057 2098 urbes,

297 2107 332 2164 ln
349 2105 460 2180 quibus
477 2113 525 2166 est
546 2108 627 2166 culto
643 2107 750 2167 fertilis
764 2107 873 2167 Henna
887 2108 967 2169 solo.

255 2188 378 2262 Frigida
393 2189 559 2249 caelestum
572 2196 685 2250 matres
699 2191 854 2251 Arethusa
865 2198 1006 2252 vocarat:

298 2272 433 2332 Venerat
449 2272 487 2333 ad
505 2289 611 2333 sacras
626 2280 656 2333 ct
670 2274 729 2334 dea
747 2273 830 2335 flava
845 2275 953 2351 dapes.

189 2361 243 2415 426
256 2355 348 2426 Filia,
365 2357 521 2418 consuetis
535 2365 568 2418 ut
582 2365 646 2418 erat
661 2357 802 2418 comitata
817 2360 938 2434 puellis,

296 2440 425 2501 Errabat
439 2442 522 2502 nudo
538 2457 664 2517 persua
678 2450 765 2518 prata
780 2443 870 2518 pede.

254 2524 344 2584 Valle
360 2525 418 2586 snb
434 2526 581 2586 umbrosa
595 2528 683 2588 locus
698 2533 746 2587 est
764 2526 929 2602 aspergine
944 2529 1038 2588 multa

297 2608 416 2668 Uvidus
432 2625 471 2668 ex
486 2611 547 2670 alto
563 2611 733 2672 desilientis
747 2627 856 2686 aquae.

254 2693 311 2752 Tot
326 2692 444 2751 inerant
457 2691 533 2764 illic,
550 2702 625 2766 quot
639 2693 731 2756 habet
745 2702 866 2769 natura,
885 2697 1014 2768 colores,

190 2788 245 2840 430
299 2772 445 2849 Pictaque
464 2775 604 2836 dissimili
618 2778 696 2838 llore
710 2777 824 2838 nitebat
837 2778 958 2838 humus.

258 2860 353 2936 Quam
369 2857 459 2918 simul
473 2861 608 2938 aspexit,
629 2861 791 2936 ‘comites
806 2862 972 2923 aceeditet’
988 2860 1065 2920 dixn

299 2941 349 3002 ‘Et
363 2959 483 3003 mecum
498 2945 608 3019 plenos
624 2945 701 3008 ilore
716 2947 828 3006 relerte
843 2945 963 3008 sinust’

255 3025 372 3086 Praeda
388 3027 540 3101 puellares
556 3031 674 3090 animos
690 3030 839 3104 prolectat
853 3030 963 3104 inanis,

297 3109 335 3170 ltt
349 3126 409 3170 non
427 3112 555 3174 sentitur
568 3115 729 3175 sedulitate
743 3113 839 3174 labor.

191 3200 243 3255 tes
257 3194 341 3255 llaec
355 3194 460 3270 implet
473 3196 554 3257 lento
570 3198 707 3258 calathos
726 3214 744 3258 c
759 3197 873 3258 vimine
886 3209 995 3269 nexae,

298 3279 381 3338 ilaec
395 3280 557 3355 gremium,
576 3281 664 3340 laxos
681 3282 828 3356 degravat
841 3282 894 3341 illa
908 3281 1005 3342 sinus.

256 3363 311 3423 llla
323 3363 396 3439 legit
411 3362 538 3423 calthas.
566 3363 637 3424 huic
653 3371 723 3426 sunt
736 3365 864 3426 violaria
879 3379 986 3425 curaer

298 3447 354 3506 llla
366 3463 560 3524 papavereas
575 3448 722 3509 subsecat
736 3464 837 3522 ungue
852 3464 975 3509 comass
