2394 3940
161 246 202 315 76
551 241 778 304 TlllSTlUM

195 410 229 464 10
284 399 420 474 Sumque
435 395 602 472 argumenti
618 393 758 454 eonditor
772 393 840 468 ipse
855 391 923 454 mei.

243 485 344 558 thue
358 483 462 542 iacens
477 481 544 556 ripa
560 477 676 538 deflere
691 477 847 554 Caystrius
863 478 927 538 ales

285 567 401 628 Dicitur
416 580 469 625 orc
485 579 571 624 suam
586 561 747 622 deficiente
762 575 878 634 necem,

245 651 297 712 Sic
312 665 385 725 ego,
402 647 587 710 Sartnatioas
602 647 693 721 longe
708 645 862 721 proiectus
877 645 908 704 in
924 661 1005 720 oras,

284 734 409 807 Efficio,
424 733 547 792 tacitum
563 745 602 790 ne
618 729 688 788 milri
705 730 795 790 funus
811 737 868 791 eat.

194 827 226 879 15
240 818 373 879 Delicias
389 817 486 892 siquis
501 814 679 888 lascivaque
695 813 829 873 earmina
844 814 969 888 quaerit,

285 902 490 970 Praemoneo,
525 914 693 972 numquam
717 898 831 972 scripta
851 899 993 958 modesta
1013 902 1103 974 legat.

242 985 352 1060 Aptior
366 984 435 1043 hoio
457 983 560 1042 Gallus
579 980 745 1056 blandique
759 981 933 1056 Propertius
952 983 1024 1054 oris,

284 1069 322 1129 Et
334 1070 454 1146 plures,
471 1082 599 1141 quorum
614 1065 738 1125 nomina
751 1081 861 1140 magna
874 1065 986 1140 vigent.

243 1155 345 1226 Atque
360 1153 473 1211 utinam
488 1165 613 1211 numero
628 1165 667 1209 ne
683 1165 742 1210 nos
760 1165 900 1209 essemus
918 1149 947 1207 in
962 1151 1039 1209 istot

194 1243 229 1296 20
283 1237 319 1295 Ei
334 1235 422 1310 mihi,
442 1251 496 1295 eur
511 1239 654 1310 umquam
668 1233 757 1294 Musa
771 1235 871 1294 iocata
884 1248 954 1293 mea
969 1239 1037 1295 estt

245 1318 307 1378 Sed
327 1318 467 1379 dedimus
483 1334 617 1394 poenas,
634 1317 830 1394 Scythicique
846 1317 875 1376 in
891 1316 1003 1379 finibus
1019 1317 1112 1380 Histri

286 1403 339 1462 llle
354 1401 518 1479 pharetrati
533 1404 621 1464 lusor
634 1403 756 1463 Amoris
775 1401 871 1462 abest.

245 1487 332 1560 Quod
347 1492 504 1560 superest,
525 1487 642 1546 animos
659 1486 699 1544 ad
713 1485 837 1562 publica
852 1485 985 1546 carmina
1000 1483 1083 1558 floxi,
1189 1501 1190 1520 ¹

284 1571 322 1629 Et
335 1585 487 1630 memores
502 1569 578 1630 iussi
593 1570 724 1631 nominis
738 1583 809 1629 esse
824 1569 893 1628 mei.

193 1662 227 1715 aa
243 1652 275 1713 Si
291 1661 391 1714 tamen
406 1669 424 1712 e
438 1651 528 1714 vobis
544 1653 670 1728 aliquis,
687 1660 747 1714 tam
765 1654 874 1728 multa,
888 1653 1034 1728 requirat,

283 1737 372 1799 Unde
387 1735 520 1798 dolenda
537 1745 664 1798 canamt
695 1737 788 1798 multa
803 1737 936 1798 dolenda
949 1737 1012 1798 tuli.

243 1821 309 1882 Non
325 1821 403 1882 haec
421 1821 558 1897 ingenio,
575 1839 637 1884 non
652 1822 729 1882 haec
745 1822 957 1897 componimus
973 1821 1053 1880 artes

285 1905 413 1966 Materia
427 1912 474 1965 est
489 1907 622 1982 propriis
637 1905 797 1981 ingeniosa
812 1906 909 1966 malis.

241 1989 279 2049 Et
297 1996 389 2064 quota
403 1991 541 2051 fortunae
557 2006 629 2065 pars
644 1995 693 2050 est
712 1989 741 2048 in
758 1990 890 2050 carmine
901 1995 1047 2050 nostrae?

191 2077 226 2130 30
282 2072 383 2144 Felix,
404 2074 455 2147 qui
474 2073 586 2147 patitur
601 2089 680 2149 quae
695 2089 855 2134 numerare
870 2079 987 2150 potestt

244 2155 322 2229 Quot
337 2156 462 2216 frutices
478 2157 588 2230 silvae,
606 2167 680 2234 quot
695 2157 794 2219 flavas
808 2157 939 2234 Thybris
955 2172 1076 2232 arenas,

283 2239 388 2301 Mollia
404 2246 478 2314 quot
492 2239 597 2301 Martis
613 2241 750 2316 gramina
765 2257 892 2316 campus
908 2240 1007 2315 hahet,

242 2325 298 2385 Tot
311 2324 390 2382 mala
405 2323 592 2399 pertuhmus
627 2341 755 2400 quorum
770 2325 921 2386 medicina
936 2323 1088 2401 quiesque

283 2408 370 2467 Nulla
384 2408 443 2468 nisi
459 2409 488 2466 in
505 2409 605 2470 studio
620 2409 834 2483 Pieridumque
848 2425 934 2470 mora
947 2417 1003 2470 est.

190 2495 224 2550 35
240 2489 325 2566 ‘Quis
341 2493 408 2566 tibi,
423 2494 520 2565 Naso,
536 2494 646 2554 modus
662 2493 815 2554 lacrimosi
831 2492 971 2554 carminis
979 2496 1004 2551 ‘t'
1020 2493 1141 2568 inquist

283 2578 381 2649 idem,
401 2579 540 2638 fortunae
556 2578 608 2650 qui
623 2576 733 2637 modus
749 2577 838 2638 huius
854 2578 919 2638 erit

241 2659 328 2734 Quod
345 2676 471 2736 querar,
489 2661 540 2718 illa
555 2661 626 2720 mihi
646 2659 737 2735 pleno
753 2662 792 2721 dc
806 2663 890 2722 fonte
904 2661 1070 2733 ministrat,

282 2745 344 2804 Nec
359 2760 428 2803 mea
443 2750 528 2817 sunt,
546 2743 598 2802 fati
615 2743 708 2804 verba
726 2746 783 2804 sed
798 2745 857 2805 ista
872 2746 940 2804 mei.

239 2829 280 2886 At
294 2827 366 2886 mihi
381 2827 408 2886 si
423 2843 493 2886 cara
509 2829 637 2902 patriam
652 2843 720 2888 curn
736 2829 865 2902 coniuge
879 2828 1001 2901 reddas,

188 2915 224 2968 40
280 2910 347 2970 Sint
362 2913 462 2971 vultus
477 2912 607 2984 hilares,
624 2912 744 2986 simque
761 2913 843 2987 qood
858 2919 927 2971 ante
945 2912 995 2971 fui.

238 2993 350 3054 Lenior
364 2995 467 3056 invicti
482 2996 509 3056 si
525 2997 565 3055 sit
580 2995 652 3056 mihi
668 2995 809 3055 Caesaris
824 2995 879 3070 ira,

281 3075 419 3138 Carmina
436 3080 567 3139 laetitiae
582 3080 640 3138 iam
658 3079 709 3139 tibi
725 3080 816 3154 plenu
832 3079 923 3140 dabo.

237 3159 300 3219 Nec
314 3167 413 3220 tamen
429 3171 461 3223 ut
477 3164 561 3236 lusit,
577 3179 685 3224 rursus
701 3177 770 3223 mea
784 3163 881 3224 littera
895 3163 993 3223 ludet:

281 3241 326 3304 Sit
341 3246 435 3304 semel
450 3247 500 3306 illa
516 3263 584 3306 meo
599 3247 749 3308 luxuriata
764 3247 860 3308 nralot

185 3333 220 3386 45
235 3325 323 3400 Quod
340 3327 448 3403 probet
462 3329 544 3405 ipse,
563 3345 679 3390 canam.
719 3341 837 3406 poenae
854 3333 946 3393 modo
961 3336 1048 3409 parte
1065 3333 1166 3395 lerata

276 3411 451 3472 Barbariem
466 3413 582 3488 rigidos
597 3413 803 3490 effttgiamque
822 3416 923 3477 Getas.

234 3493 353 3555 fnterea
367 3497 463 3557 nostri
480 3497 552 3572 quid
571 3507 677 3574 agant,
694 3499 752 3558 nisi
769 3499 868 3574 triste,
885 3499 998 3560 libellis
1045 3493 1048 3500 '
