2372 3928
210 185 267 252 tio
593 181 653 242 EX
671 180 821 242 PONTO

236 347 270 401 45
285 339 358 415 lpse
372 337 496 412 quidem
508 334 613 396 Getico
629 348 753 412 peream
768 334 897 396 violatus
913 333 950 393 ab
965 350 1058 410 arcu..

325 421 364 482 Et
378 421 417 481 sit
431 419 544 498 periuri
560 433 651 494 quam
665 432 763 493 prope
778 432 887 494 poena,
910 417 1025 478 vides...

286 507 328 573 Te
343 504 403 566 nisi
419 502 580 564 momentis
596 501 687 562 video
702 516 802 576 paene
818 500 957 561 nrnuibus
972 501 1081 560 absens.

328 588 430 648 Gratia
446 587 503 662 dis,
522 585 614 654 menti
630 584 765 659 quolibet
779 584 823 643 ire
838 583 916 644 iicet.

285 674 351 734 Hac
365 671 416 731 ubi
432 670 569 747 perveni,
588 667 661 728 nulli
676 667 858 741 cernendus,
882 667 912 726 in
927 665 1042 739 Urbem,

237 767 271 819 50
328 755 429 832 Saepe
443 755 555 829 loquor
568 761 683 826 tecum,
706 767 801 828 saepe
816 751 960 827 loquente
974 750 1058 810 11181.

285 842 362 901 Tum
375 838 457 914 mihi,
472 837 596 898 diliiciie
610 843 665 908 est,
683 851 775 911 quam
786 835 825 896 sit
835 835 925 909 bone,
941 833 1044 905 dicere,
1059 845 1162 906 quumque

329 923 465 984 Candida
480 918 690 982 iudiciis'hora
704 919 744 980 sit
758 919 809 979 illa
824 919 911 982 meis.

285 1010 360 1069 Turn
375 1022 433 1081 me,
454 1005 481 1066 si
496 1021 557 1080 qua
570 1004 660 1079 lidos,
682 1003 807 1064 caelesti
822 1003 898 1063 sade
913 1007 1059 1077 receptum

326 1091 399 1152 Cum
414 1088 574 1150 fortunatis
589 1080 733 1162 suspicor
747 1102 818 1148 8888
833 1087 911 1147 deis.

236 1187 269 1240 55
283 1176 402 1234 Rursus
416 1172 468 1234 ubi
481 1171 541 1232 hue
554 1171 641 1246 redii,
665 1171 781 1232 caelum
796 1184 991 1246 superosque
1006 1166 1125 1242 relinquo,
1164 1205 1165 1250 ,

325 1261 354 1318 A
370 1255 465 1334 Styge
480 1270 536 1315 nec
551 1255 642 1329 longe
656 1255 781 1316 Pontica
795 1254 888 1315 distat
902 1253 1018 1313 bamus.

284 1340 374 1402 Unde
388 1353 445 1413 ego
461 1339 488 1398 si
504 1339 565 1398 lato
581 1338 661 1398 nitor
675 1338 855 1414 prohibente
869 1337 990 1410 reverti,

326 1422 419 1498 Spem
433 1422 501 1484 sine
516 1422 663 1498 proiectu,
685 1423 825 1495 Maxime,
846 1421 921 1484 tolle
935 1419 1014 1480 111111.

232 1558 273 1650 fi·
286 1552 376 1648 Naso
393 1603 458 1661 suo,
481 1602 592 1647 nomen
608 1585 711 1662 posuit
726 1586 774 1646 cui
788 1602 897 1663 paene,
923 1585 1019 1648 sodali

327 1670 414 1732 Mittit
427 1670 465 1731 ab
478 1670 607 1732 Euxinis
622 1670 683 1731 hoc
699 1669 792 1730 breve
807 1686 931 1732 carmen
946 1669 1039 1744 aquis.

284 1759 325 1818 At
340 1757 366 1817 81
381 1764 469 1816 cauta
483 1771 589 1830 parurn
605 1753 782 1828 scripsisset
796 1754 912 1830 dextra,
937 1752 1003 1830 quis
1017 1766 1098 1824 esses,

326 1839 466 1900 Forsitan
482 1839 584 1900 officio
602 1845 688 1914 parta
704 1838 839 1912 querella
852 1839 942 1898 loret.
1087 1835 1088 1838 ’

256 1938 273 1988 s
288 1924 347 1984 Cur
361 1931 470 1999 tamen,
488 1921 548 1982 hoc
561 1922 629 1984 aliis
644 1926 738 1982 tutum
753 1921 960 2000 credentibus,
980 1935 1059 1992 unus,

328 2007 493 2084 Appellent
507 2021 546 2066 ne
560 2013 590 2066 18
605 2005 737 2066 carmina
751 2011 865 2080 nostra,
887 2012 1002 2084 rogast

285 2092 403 2166 Quanta
418 2089 500 2150 sitin
515 2089 615 2150 media
629 2089 789 2150 elementia
804 2089 946 2152 Caesaris
960 2091 1011 2164 ira,

325 2175 371 2234 Ex
386 2189 444 2248 me,
464 2173 491 2232 si
505 2173 617 2244 nescis,
641 2172 751 2234 certior
766 2187 838 2233 8888
853 2180 954 2249 potes.

284 2260 361 2319 Huic
376 2274 443 2333 ego,
468 2272 557 2332 quarn
571 2255 679 2333 patior,
699 2257 741 2317 nil
755 2272 881 2334 possem
897 2258 1018 2318 demere
1031 2264 1133 2332 poenas,

237 2359 271 2410 10
327 2341 359 2404 Si
374 2342 465 2403 iudex
480 2339 579 2402 meriti
594 2355 722 2416 cogerer
736 2355 807 2402 esse
821 2342 890 2401 mei.

284 2428 350 2488 Non
364 2432 447 2487 vetat
461 2425 511 2486 1118
525 2425 573 2487 sui
589 2439 771 2500 quemquam
787 2425 965 2486 meminisse
980 2423 1092 2494 sodalis,
1163 2413 1164 2452 ⁷

324 2512 386 2572 Nec
403 2510 544 2588 prohibet
557 2509 611 2570 tibi
625 2524 673 2568 mc
688 2506 832 2583 seribere,
853 2514 948 2584 teque
962 2508 1040 2568 mihi.
1163 2503 1164 2520 ¹

283 2596 345 2656 Nec
363 2598 466 2655 scelus
481 2593 631 2665 admittas,
654 2593 680 2652 si
696 2591 866 2653 consoleris
881 2593 1020 2667 amicum,

325 2677 467 2738 Mollibus
482 2683 512 2735 et
526 2675 627 2736 verbis
641 2691 751 2751 aspera
767 2676 827 2735 iata
842 2675 938 2737 leves.

235 2769 268 2823 15
283 2761 349 2831 Cur,
373 2761 445 2820 dum
459 2765 522 2819 tuta
535 2759 632 2832 times,
654 2760 730 2820 lacis
745 2766 777 2820 ut
791 2761 963 2820 reverentia
976 2759 1043 2820 talis

323 2843 389 2903 Fiat
403 2843 434 2904 in
448 2842 605 2918 Augustos
620 2843 773 2903 invidiosa
788 2843 885 2904 deest

282 2926 428 2988 Fulminis
443 2926 575 2989 adssatos
589 2927 740 2988 interdum
754 2927 857 2986 vivere
872 2926 940 2987 telis

323 3011 473 3085 Vidimus,
491 3018 521 3072 et
537 3011 630 3085 refici,
654 3025 716 3072 non
731 3009 910 3086 prohibente
925 3011 1008 3071 love.

282 3093 353 3170 Nec,
377 3094 448 3169 quia
461 3095 616 3174 Neptunus
631 3110 741 3158 navem
755 3094 905 3155 lacerarat
917 3093 1024 3166 Ulixis,
1078 3087 1081 3098 ’

232 3181 268 3234 ab
324 3177 824 3254 188881118181111818183811
842 3193 942 3254 opem.

285 3261 381 3323 Crede
394 3262 475 3338 mihi,
494 3263 614 3324 miseris
630 3263 775 3324 caelestia
789 3264 912 3322 numina
925 3263 1058 3338 parcunt,

323 3345 387 3407 Nec
401 3361 524 3422 semper
537 3348 640 3408 laesos
654 3355 684 3407 et
698 3347 765 3407 sine
779 3346 841 3408 iine
856 3351 1004 3423 premunt.

282 3429 422 3510 Principe
436 3446 493 3492 nec
507 3439 613 3494 nostro
628 3432 704 3528 deus
720 3437 767 3491 est
782 3430 966 3492 moderatior
980 3427 1072 3489 nilus:
1162 3451 1163 3474 1
