2450 3932
366 234 395 312 1,
417 233 453 311 3,
474 231 596 310 92-5,
617 235 668 297 35.

73 393 143 451 Vos
163 389 300 450 animam
319 401 433 450 saevae
448 387 565 456 lessam
585 387 745 451 subducite
764 391 862 466 morti,

117 473 152 534 Si
172 473 268 534 modo
287 471 339 548 qui
354 470 445 547 periit
464 487 526 532 non
545 472 677 547 periisse
697 480 809 550 potest.

17 609 55 700 5·
79 605 109 708 0
131 641 204 701 mihi
224 647 299 718 post
318 641 398 702 ullos
418 659 584 720 numquam
603 646 801 706 memorande
818 645 953 720 sodales,

119 725 145 785 0
167 726 216 786 cui
232 725 402 802 praecipue
420 742 490 788 sors
506 744 575 788 mea
595 728 663 789 visa
679 745 737 790 sua
753 736 815 790 est!

75 810 246 872 Attonitum
266 810 320 885 qui
338 825 403 886 me,
418 811 555 886 memini,
575 813 746 886 carissime,
767 813 883 889 primus

113 897 225 956 Ausus
246 910 281 955 es
301 894 448 971 adloquio
465 896 650 957 sustinuisse
665 903 730 972 tuo,

50 989 65 1039 t
81 979 136 1052 Qui
158 978 231 1039 mihi
252 979 413 1040 consilium
429 978 555 1040 vivendi
574 980 646 1041 mite
663 980 785 1056 dedisti,
837 1041 843 1054 ,

119 1062 195 1123 Cum
215 1063 295 1123 soret
311 1063 342 1124 in
361 1062 473 1124 misero
493 1070 620 1139 pectore
638 1065 744 1126 mortis
765 1079 860 1124 amor.

78 1147 145 1208 Seis
166 1147 261 1222 bene,
282 1146 335 1207 cui
350 1147 464 1223 dicam,
481 1148 592 1224 positis
612 1165 669 1226 pro
690 1150 812 1211 nomine
829 1147 934 1224 signis,

121 1231 265 1292 Officium
278 1245 342 1290 ⁴nec
356 1238 386 1292 te
405 1231 495 1308 fallit,
516 1233 628 1309 amice,
649 1240 743 1294 tuum.

77 1317 164 1376 Haec
182 1313 253 1374 mihi
273 1330 398 1390 semper
416 1322 504 1376 erunt
522 1317 590 1378 imis
610 1317 705 1379 infixa
720 1315 870 1391 medullis,

35 1411 64 1460 tt
117 1400 353 1476 perpetuusque
372 1399 491 1460 animae
508 1399 628 1461 debitor
645 1402 735 1464 huius
756 1417 825 1462 ero:

80 1483 214 1558 Spiritus
236 1490 265 1542 ct
280 1497 396 1544 vacuas
416 1484 502 1559 prius
521 1484 570 1546 hie
589 1487 762 1548 tenuandus
782 1485 921 1545 inauras

120 1567 194 1642 lbit,
212 1573 243 1627 et
257 1567 290 1626 in
304 1567 410 1642 tepido
433 1568 556 1630 deseret
575 1585 650 1631 ossa
665 1587 752 1646 rogo,

79 1651 178 1725 Quam
198 1652 329 1712 subeant
347 1652 448 1712 animo
468 1653 643 1715 meritorum
661 1655 775 1714 oblivia
793 1659 910 1727 nostro,

120 1735 158 1796 Et
178 1735 271 1810 longa
290 1736 389 1810 pietas
409 1737 532 1797 excidat
547 1737 607 1798 ista
625 1737 684 1796 die.

40 1821 115 1881 uui
132 1819 190 1879 tibi
209 1820 270 1880 sint
289 1819 410 1894 faciles,
432 1826 463 1880 et
482 1821 551 1896 opis
572 1821 685 1883 nullius
706 1825 844 1895 egentem

16 1901 17 1906 ’
119 1903 285 1964 Fortunam
304 1911 460 1979 praestent
475 1905 716 1981 dissimilemque
735 1920 831 1965 meac.

78 1988 112 2048 Si
132 1996 237 2048 tamen
255 1987 333 2049 haee
352 1988 441 2048 navis
461 1995 553 2050 vento
572 1989 701 2050 ferretur
719 1987 827 2063 amico,

118 2073 318 2148 Ignoraretur
335 2072 464 2133 forsitan
481 2072 540 2133 istu
557 2072 648 2134 fides.

74 2157 201 2217 Thesea
217 2155 368 2217 Pirithous
389 2173 452 2219 non
471 2163 532 2218 tum
552 2158 703 2219 sensisset
722 2155 862 2229 anticum,

21 2252 64 2304 rb
119 2240 153 2301 Si
173 2254 240 2299 non
260 2239 394 2300 infernas
414 2242 504 2301 vivus
523 2241 639 2304 adisset
658 2257 768 2319 aquas.

74 2328 113 2390 Ut
131 2327 217 2388 loret
230 2324 403 2403 exemplum
424 2325 488 2388 veri
506 2323 645 2387 Phoceus
666 2325 790 2400 amoris,

115 2414 275 2473 Fecerunt
294 2412 403 2484 iuriae,
422 2410 516 2472 tristis
533 2408 657 2486 Oresta,
677 2417 758 2471 tuae.

26 2511 28 2580 t
77 2499 106 2559 Si
128 2513 195 2558 nou
216 2495 369 2572 Euryalus
386 2495 516 2556 Rutulos
535 2494 699 2554 cecidisset
715 2493 745 2552 in
765 2491 882 2565 hostes,

26 2591 29 2662 ζ
114 2580 311 2658 Hyrtacidae
325 2579 389 2639 Nisi
408 2579 507 2654 gloria
522 2578 606 2640 nulla
625 2579 714 2639 loret.

27 2667 203 2727 lttSciliect
221 2670 254 2724 ut
273 2663 388 2724 sulvum
408 2669 564 2740 spectatur
581 2663 612 2723 iu
630 2662 749 2738 ignibus
766 2674 882 2731 aurum,

110 2753 276 2824 Tempore
291 2748 337 2807 sic
357 2747 434 2808 duro
455 2753 503 2807 est
522 2745 713 2822 inspicienda
732 2744 821 2805 fides.

74 2835 151 2896 Dum
172 2835 266 2894 iuvat
283 2837 313 2891 et
331 2832 415 2891 vultu
434 2829 513 2891 ridet
525 2829 660 2891 Fortuna
675 2843 795 2901 sereno,

109 2915 310 2978 indelibatas
331 2921 441 2975 cuncta
461 2921 632 2989 sequuntur
649 2929 741 2992 opes=

73 3003 107 3062 lt
123 2999 229 3063 simul
249 2999 393 3074 intonuit,
414 2999 546 3074 lugiunt,
567 3012 625 3059 nec
641 2999 778 3058 noscitur
794 2995 856 3066 ulli,

107 3081 306 3162 agminibus
324 3083 468 3145 comitum
489 3083 542 3158 qui
557 3083 650 3143 modo
668 3081 785 3142 cinctus
804 3084 878 3137 erat.

73 3174 172 3248 Atque
194 3169 297 3243 haec,
318 3168 468 3244 exemplis
489 3167 644 3243 quondam
665 3166 794 3225 collecta
810 3162 957 3237 priorum,

105 3256 203 3316 Nunc
229 3250 302 3310 mihi
320 3259 392 3312 sunt
408 3253 543 3328 propriis
567 3249 688 3325 cognita
706 3264 782 3308 vera
797 3247 896 3306 malis.

73 3341 125 3400 lix
147 3341 221 3400 duo
242 3342 347 3397 tresve
366 3335 438 3396 mihi
459 3337 498 3396 de
517 3342 562 3396 tot
580 3334 750 3410 superestis
771 3329 875 3391 amicir

107 3425 234 3486 Cetera
248 3419 418 3494 Fortunae,
439 3436 501 3480 non
515 3435 584 3479 mea
599 3417 689 3478 turba
705 3417 769 3478 luit.

74 3510 130 3582 buo
149 3503 282 3581 mang,
304 3521 321 3565 ο
339 3505 446 3580 pauci,
466 3503 559 3564 lassis
578 3502 746 3564 succurrite
760 3499 864 3572 rebuS,
