2372 3928
372 214 425 288 lll,
448 213 624 279 ata-348.
946 219 1006 282 ⁶253

77 367 205 444 Quoque
219 367 312 428 modo
328 367 428 442 possit
442 368 564 444 tulmen,
579 377 754 445 monstrate,
770 368 870 445 piari!

114 450 167 513 Sic
181 451 289 512 Numa.
319 449 371 512 Sic
385 450 525 527 quatiens
541 469 656 514 cornua
669 453 792 514 Faunus
808 454 864 515 ait:

77 535 200 611 ‘Magna
212 535 301 612 petis,
324 550 381 596 nec
401 551 481 610 quae
496 538 610 600 monitu
624 536 678 597 tibi
693 537 814 598 discere
827 545 934 601 nostro

114 619 173 680 Fas
189 620 238 681 sit.
269 618 383 680 habent
397 619 466 681 fiais
482 621 605 682 numina
618 627 725 684 nostra
739 636 825 681 suos.

24 712 64 766 tib
76 703 109 764 Di
123 721 231 766 sumus
247 711 393 781 agrestes
416 711 445 764 et
460 705 512 781 qui
530 706 720 780 dominemur
734 707 764 764 in
779 705 848 763 altis

114 787 280 850 Montibus.
309 788 463 850 arbitrium
478 790 570 851 estin
592 806 648 852 sua
663 790 723 850 telo
737 788 812 848 lovi.

78 873 161 933 Hunc
177 878 209 935 tu
223 888 285 933 non
300 873 416 949 poteris
431 889 488 949 per
502 881 531 934 te
546 876 700 935 deducere
717 874 820 934 caelo=

115 957 156 1018 At
171 957 286 1033 poteris
301 964 407 1020 nostra
421 958 549 1020 forsitan
562 975 639 1021 usus
659 962 741 1034 ope’

78 1039 200 1102 Dixerat
213 1041 290 1103 haec
301 1041 436 1104 Faunus.
465 1059 522 1118 par
536 1049 583 1104 cst
597 1042 748 1103 sententia
762 1041 833 1101 Pici.

26 1130 66 1184 tto
115 1126 223 1186 ‘Deme
237 1133 337 1187 tanmu
352 1125 441 1188 nobis
456 1127 602 1201 vincula?
621 1126 711 1187 Picus
727 1127 768 1186 ait
958 1199 961 1208 .

81 1209 225 1286 ‘luppiter
239 1211 298 1271 huc
312 1212 424 1287 veniet,
447 1212 548 1272 valida
563 1211 729 1288 perductus
746 1210 783 1270 ab
800 1215 874 1271 orte.

114 1293 224 1355 Nubila
241 1295 385 1371 promissi
400 1295 478 1373 Styx
493 1297 566 1356 mihi
582 1295 668 1356 tesds
684 1295 762 1355 erit’

80 1375 185 1440 Emissi
201 1379 320 1455 laqueis
336 1380 410 1454 quid
424 1388 525 1456 agant,
548 1395 627 1454 quae
641 1380 777 1439 earmina
791 1379 902 1454 dicant,

118 1461 244 1539 Quaque
259 1463 377 1524 trahant
392 1464 512 1540 superis
527 1464 654 1524 sedibus
670 1470 734 1522 arto
748 1463 861 1536 Iovem,

27 1541 159 1622 ttaScire
174 1547 262 1607 nelos
277 1547 401 1609 homini.
431 1548 526 1610 Nobis
542 1562 696 1610 concessa
711 1552 864 1620 canentur,

118 1630 262 1706 Quaeque
279 1632 330 1707 pio
345 1631 405 1693 dici
421 1633 499 1693 vatis
514 1632 552 1692 ab
568 1648 622 1694 ore
638 1632 717 1692 licet.

80 1714 204 1775 Fliciunt
219 1716 304 1775 caelo
321 1722 358 1788 te,
381 1717 526 1792 Iuppiter.
554 1718 636 1778 unde
651 1715 786 1775 minores

113 1797 198 1860 Nunc
214 1815 337 1875 quaque
351 1807 380 1861 te
396 1800 558 1875 celebrant,
573 1801 764 1874 Eliciumque
779 1803 900 1858 vocant.

82 1881 201 1944 Constat
213 1884 383 1944 Aventinae
399 1885 559 1945 tremuisse
575 1883 733 1946 cacumina
748 1883 854 1957 silvae,

28 1967 67 2022 lto
114 1967 265 2042 Terraque
280 1968 420 2029 subsedit
435 1969 571 2045 pondere
586 1984 696 2044 pressa
711 1966 802 2028 lovis.

84 2052 175 2114 Corda
189 2052 302 2112 micant
315 2054 406 2128 regis,
430 2058 556 2127 totoque.
569 2068 587 2113 e
602 2059 727 2127 pectore
743 2049 869 2126 sanguis

118 2135 211 2212 Fugit,
226 2143 256 2195 et
269 2135 404 2198 hirsutae
420 2138 579 2211 deriguere
594 2151 711 2198 comae.

82 2219 116 2279 Ut
128 2221 217 2281 rediit
231 2220 358 2296 animus,
381 2220 440 2280 ‘Da
455 2228 537 2282 certa
551 2221 697 2296 piamina’
713 2220 790 2281 dixit

117 2304 269 2378 Fulminis,
292 2306 421 2366 altorum
435 2321 554 2381 rexque
568 2313 718 2382 paterque
733 2304 833 2378 deum,

30 2389 70 2447 ³35
83 2385 110 2446 Si
123 2396 172 2448 tua
187 2390 369 2465 contigimus
385 2390 525 2451 manibus
541 2389 670 2450 donaria
692 2388 793 2465 puris:

114 2473 178 2533 Hoc
194 2489 335 2548 quoquc,
356 2474 440 2550 quod
455 2475 581 2550 petitur,
598 2475 624 2536 si
640 2473 692 2549 pia
706 2471 809 2546 lingua
822 2472 933 2544 rogat?

84 2558 190 2619 Annuit
205 2559 311 2619 oranti.
341 2559 397 2619 sed
412 2574 517 2620 verum
533 2558 660 2633 ambage
675 2562 793 2617 remota

117 2641 256 2715 Abdidit,
278 2651 308 2704 et
322 2643 414 2705 dubio
430 2644 534 2704 termit
549 2659 602 2704 ore
620 2642 727 2703 virum.

85 2724 191 2788 ‘caede
206 2733 309 2803 caput’
326 2728 415 2793 dixit.
440 2729 489 2788 cui
502 2743 559 2788 rex
574 2727 777 2788 ‘parebimus’
791 2721 916 2796 inquite

32 2809 73 2864 tto
120 2811 198 2872 Caed
241 2812 281 2872 do
296 2819 343 2872 est
356 2811 453 2872 hortis
469 2819 555 2872 cruta
569 2827 647 2886 cepa
660 2810 760 2870 meis!

84 2828 267 2956 Αᾱᾱίἀίιῗίο
282 2896 457 2958 ‘Hominis'
483 2900 646 2957 ‘summos’
662 2894 703 2955 ait
715 2891 947 2967 ille‘capillos.²

117 2977 251 3041 Postulat
265 2981 315 3040 hic
329 2981 470 3041 animam.
500 2981 549 3040 cui
562 2981 660 3040 Numa
674 2977 796 3054 ‘piscis’
811 2977 862 3036 ait.

83 3062 161 3140 Risit,
180 3072 211 3125 et
224 3065 305 3126 ‘His’
320 3066 417 3142 inquit
434 3065 538 3127 ‘tacito
553 3081 623 3124 meo
637 3064 696 3125 tela
712 3075 869 3138 procures,

5 3171 6 3174 ¹
120 3147 140 3208 Ο
154 3150 202 3208 vir
215 3150 379 3224 conloquio
394 3167 455 3211 non
471 3149 622 3225 abigende
640 3149 741 3208 deum.

30 3232 72 3288 tto
84 3228 138 3290 Sed
153 3233 214 3309 tibi,
236 3235 395 3310 protulerit
409 3251 478 3296 cum
492 3240 588 3294 totum
603 3232 753 3294 crastinus
769 3228 874 3289 orbem

117 3315 269 3393 Cynthius,
292 3319 410 3395 imperii
426 3319 555 3395 pignora
567 3323 649 3377 certa
664 3315 769 3378 dabor

5 3451 7 3488 ξ
83 3395 164 3474 Dixit,
182 3403 339 3478 attingenti
354 3405 466 3465 tonitru
480 3417 575 3478 super
589 3402 713 3462 oetlrera
727 3405 841 3460 motum

5 3515 7 3572 3
117 3483 235 3563 Fertur,
257 3488 437 3548 adorantem
452 3486 647 3561 destituitque
661 3486 800 3545 Numam.
