2492 3926
39 129 47 388 g
186 215 249 282 82ss
566 211 820 274 FASTORUM

211 381 259 436 tto
314 367 454 427 ‘Parcite
483 382 540 442 pro
555 379 652 442 parvo
668 363 790 426 victima
804 379 903 442 parva
916 363 1007 426 cadit.

271 453 330 514 cor
345 466 401 527 pro
417 449 527 524 corde,
545 463 669 525 precor,
686 463 743 526 pro
760 447 846 509 libris
861 449 972 510 sumite
989 447 1100 512 fibras.

311 534 399 596 Hanc
413 533 544 594 animam
561 531 652 594 vobis
671 548 727 610 pro
743 532 869 594 meliore
883 532 1016 594 damus!

272 618 388 681 Sicubi
406 617 524 691 libavit,
541 621 684 693 prosectu
697 615 756 678 sub
771 615 895 677 aethere
909 617 1003 694 ponit,

315 701 432 779 Quique
445 701 544 762 assint
558 701 671 773 sacris,
687 701 842 776 respicere
856 701 908 764 ilia
921 708 1013 762 vetat.

209 799 258 855 tce
272 787 430 862 virgaque
444 783 556 846 Ianalis
573 784 612 846 de
626 783 717 862 spina
730 785 853 860 ponitur
867 785 946 860 alba,

314 869 381 944 Qua
393 873 495 930 lumen
508 867 648 932 thalamis
665 883 763 944 parva
778 868 912 930 ienestra
926 868 1028 930 dabat.

271 955 344 1016 Post
357 953 432 1016 illud
446 967 503 1014 neo
518 969 593 1014 aves
608 967 703 1014 cunas
718 951 854 1014 violasse
868 953 1013 1028 seruntur,

313 1038 351 1098 Et
365 1037 455 1098 rediit
469 1052 583 1113 puero,
600 1037 653 1113 qul
668 1035 722 1098 luit
736 1043 821 1110 ante,
836 1035 933 1098 color.

272 1121 399 1197 Pinguia
414 1137 467 1182 cur
481 1121 540 1181 illis
555 1127 715 1196 gustentur
727 1120 815 1182 larda
828 1119 986 1194 Kalendis

214 1215 261 1271 tto
316 1205 473 1280 Mixtaque
487 1219 556 1268 curn
572 1204 671 1264 calido
687 1203 727 1265 sit
741 1201 811 1265 laba
826 1205 920 1281 iarre,
935 1210 1051 1280 rogast

271 1289 374 1349 Prisca
389 1287 523 1361 nonest,
540 1287 690 1363 aliturque
705 1287 781 1350 cibis
797 1287 909 1365 quibus
925 1296 994 1350 ante
1012 1285 1152 1366 solebat,

314 1371 376 1432 Neo
392 1372 466 1448 petit
480 1371 593 1433 ascitas
607 1371 768 1434 luxuriosa
781 1371 889 1450 dapes.

272 1456 368 1517 Piscis
389 1456 490 1517 adhuc
505 1456 548 1517 illi
565 1455 681 1533 populo
698 1455 765 1518 sinc
780 1456 887 1518 iraude
903 1455 1034 1532 natabat,

317 1539 486 1614 Ostrcaque
500 1540 530 1599 in
546 1540 671 1601 conchis
685 1545 750 1602 tuta
763 1540 849 1602 luere
863 1539 937 1601 suis.

211 1631 261 1687 175
275 1623 337 1685 Nec
351 1623 470 1684 Latium
485 1631 588 1702 norat,
605 1640 696 1704 quam
715 1625 843 1701 praebet
860 1619 946 1684 Ionia
962 1619 1059 1708 dllves,

315 1708 378 1769 Nec
393 1724 474 1785 quae
487 1707 642 1786 Pygmaeo
660 1709 810 1784 sanguine
823 1708 952 1786 gaudet,
967 1723 1068 1770 auem.

272 1792 311 1854 Et
323 1799 446 1868 praeter
459 1792 570 1868 pinnas
585 1791 658 1854 nihil
672 1791 703 1852 in
718 1807 841 1868 pavone
855 1790 1004 1868 placebat.

314 1875 378 1937 Nec
393 1877 482 1939 tellus
499 1883 605 1956 captas
620 1876 745 1954 miserat
758 1884 824 1938 arte
840 1877 931 1938 teras.

275 1959 335 2022 Sus
350 1967 415 2022 erat
433 1961 464 2022 in
479 1961 586 2038 pretio.
615 1975 707 2022 caasa
721 1976 777 2022 suc
791 1961 871 2022 lesia
887 1959 1034 2022 colebant.

210 2058 262 2114 180
317 2047 410 2106 Terra
427 2044 513 2105 tabas
531 2049 645 2106 tantum
661 2045 799 2120 duraque
814 2045 896 2106 lurra
909 2042 1010 2104 dabat.

187 2129 190 2138 ’
274 2131 357 2206 Quae
374 2127 435 2189 duo
450 2127 544 2188 mixta
557 2128 648 2189 simul
663 2128 759 2190 sextis
775 2127 959 2204 quicumque
970 2125 1126 2191 Kalendis
1226 2125 1228 2217 J

314 2209 436 2284 Edant,
452 2209 522 2270 huic
536 2210 616 2272 laedi
630 2212 751 2273 viscera
766 2227 864 2288 posse
879 2216 998 2288 negant.

273 2299 355 2358 Arce
369 2309 495 2371 quoque
508 2294 539 2354 in
555 2311 675 2357 summa
687 2296 796 2358 Iunoni
810 2296 923 2372 templa
936 2293 1081 2356 Monetae

314 2380 362 2442 Ex
377 2385 449 2441 roto
466 2381 635 2441 memorant
650 2380 744 2457 iacta,
761 2379 899 2455 Camillo,
914 2386 976 2443 tuo.

212 2479 262 2534 185
277 2468 357 2528 Ante
371 2464 480 2526 domus
494 2463 587 2526 Manli
602 2464 717 2538 inerat,
733 2466 784 2541 qui
800 2464 916 2526 Gallica
931 2462 1089 2540 quondam

314 2551 344 2610 A
359 2548 527 2626 Capitolino
547 2548 678 2625 reppulit
693 2565 777 2610 arma
790 2550 873 2610 love.

275 2635 369 2708 Quam
384 2633 478 2706 bene,
494 2632 525 2692 di
540 2633 655 2708 magnit
683 2649 787 2709 pugna
802 2634 965 2696 cecidisset
978 2634 1008 2694 in
1023 2633 1088 2712 illa,

315 2719 468 2777 Defensor
482 2715 566 2790 solii,
581 2715 717 2792 luppiter
732 2719 806 2793 alte,
821 2718 879 2779 tui!

274 2800 373 2874 Vixit,
387 2806 422 2860 ut
437 2798 591 2860 occideret
608 2800 768 2863 damnatus
783 2801 908 2864 crimine
928 2802 1023 2880 regni.

212 2892 264 2949 rao
319 2884 406 2943 Hunc
421 2883 463 2943 illi
478 2883 595 2945 titulum
610 2886 703 2961 longa
716 2893 841 2948 senecta
856 2885 956 2948 dabat.

274 2967 341 3029 ltux
357 2966 465 3027 eadem
478 2967 566 3028 Marti
581 2968 659 3030 testa
673 2975 735 3044 est,
752 2987 842 3046 quem
857 2971 1005 3048 prospicit
1020 2977 1112 3033 extra

316 3050 503 3127 Appositum
517 3052 627 3112 Tectae
643 3060 732 3129 porta
746 3053 869 3132 Capena
883 3056 961 3117 viae.

274 3137 316 3195 Te
332 3150 472 3212 quoque,
487 3135 680 3212 Tempestas,
698 3139 834 3200 meritam
850 3139 978 3200 delubra
992 3140 1142 3218 latemur,

318 3218 392 3280 Cum
406 3235 505 3295 paene
519 3226 567 3280 est
581 3220 684 3282 Corsis
700 3222 808 3284 obruta
822 3223 932 3286 classis
947 3223 1047 3300 aquis.

213 3307 263 3364 lte
280 3300 361 3360 Haec
374 3302 529 3362 hominum
543 3305 727 3366 monimenta
742 3313 854 3382 patent.
884 3306 917 3369 si
932 3306 1079 3383 quaeritis
1097 3324 1138 3371 as

316 3382 401 3446 tunc
416 3385 510 3445 oritur
524 3387 625 3462 magni
641 3404 774 3467 praepes
788 3391 909 3454 adunca
922 3391 1015 3454 Iovis.
