2492 3926
147 241 208 306 itti
531 237 784 302 insanitum

182 402 215 456 io
273 394 358 456 Voce
372 395 475 469 locus,
491 394 519 454 si
533 408 595 454 non
611 389 840 466 obstreperetur
853 389 953 464 aquis.

229 478 285 538 liic
299 493 357 554 ego
373 476 574 553 quaerebam,
592 475 692 550 coepti
707 489 788 550 quae
801 473 917 534 mensis
932 473 1020 549 origo

272 559 377 636 Esset,
393 561 467 623 etin
482 577 556 621 cura
570 559 703 620 nominis
717 557 810 618 huius
825 573 918 618 eram.

230 645 311 706 Ecce
326 646 401 706 deas
419 643 490 704 vidi.
519 658 582 704 non
597 638 677 718 quas
692 647 876 717 praeceptor
889 639 997 702 arandi

272 729 413 803 Viderat,
429 729 581 788 Ascraeas
597 741 666 787 cum
680 731 861 800 sequeretur
878 739 967 784 avesa

181 820 213 872 15
227 811 290 872 Nec
305 828 382 888 quas
395 811 562 872 Priamides
577 810 608 870 in
623 824 762 885 aquosae
775 808 907 869 vallibus
921 807 996 868 ldae

274 896 414 957 contulit
442 894 555 956 exiliis
573 893 630 955 sed
646 899 745 953 tamen
758 909 821 954 una
836 891 899 952 luit.

229 978 278 1038 Ex
292 980 351 1040 illis
366 979 421 1041 suit
433 995 510 1053 una,
526 979 575 1040 sui
589 991 735 1054 germana
748 976 862 1037 mariti=

272 1064 450 1135 nosceret,
465 1063 594 1138 agnovi,
613 1077 693 1135 quae
708 1067 769 1121 stat
783 1060 814 1120 in
833 1075 905 1120 arce
920 1059 1015 1119 Iovis.

230 1146 430 1220 Horrueram,
446 1146 601 1221 tacitoque
615 1145 747 1206 animum
769 1144 885 1219 pallore
902 1142 1029 1204 fatebar.
1047 1166 1054 1176 ·

181 1238 216 1291 to
270 1229 345 1290 Tum
360 1228 434 1304 dea,
450 1245 529 1303 quos
545 1229 631 1303 iecit,
646 1227 767 1288 sustulit
780 1228 850 1304 ipsa
863 1234 972 1289 metus.

229 1312 366 1387 Namque
379 1313 421 1374 ait
435 1311 472 1372 ‘0
488 1319 591 1388 vates,
607 1312 736 1372 Romani
753 1309 894 1372 conditor
909 1310 990 1386 anai,

272 1397 358 1457 Ause
372 1396 574 1472 perexiguos
591 1410 703 1470 magna
715 1395 832 1456 rcierre
845 1394 966 1468 modos,

230 1479 282 1540 lus
296 1479 350 1540 tibi
365 1479 463 1540 iecisti
476 1495 589 1540 numen
605 1479 738 1540 caeleste
751 1479 887 1552 videndi,

275 1563 348 1625 Cum
363 1565 477 1640 placuit
490 1563 624 1624 numeris
645 1561 780 1623 condere
795 1563 874 1624 testa
886 1561 955 1622 tuis.

179 1655 213 1708 25
228 1647 273 1707 Nc
286 1653 386 1708 tamen
403 1648 525 1722 ignores
539 1646 686 1723 volgique
699 1662 805 1707 errore
818 1644 958 1721 ueharis,

273 1730 376 1791 lunius
393 1747 412 1792 a
425 1737 532 1792 nostro
547 1729 670 1791 nomine
684 1745 796 1790 nomen
809 1729 917 1791 habet.

230 1815 285 1876 list
298 1814 414 1889 aliquid
427 1814 573 1891 nupsisse
586 1813 676 1891 Iovi,
686 1813 769 1874 lovis
784 1829 857 1875 essa
870 1828 1020 1874 sororem.

270 1897 375 1958 Fratre
389 1899 501 1974 magis,
516 1897 638 1973 dubito,
653 1897 781 1974 glorier,
797 1913 877 1958 aare
890 1897 966 1958 viro.

231 1979 264 2041 Si
279 1996 376 2056 genus
395 1982 555 2058 aspicitur,
572 1981 733 2042 Saturnum
748 1980 847 2058 prima
860 1987 1018 2059 parentem

179 2072 214 2126 30
269 2064 356 2124 Feci=
389 2064 509 2126 Saturni
524 2081 595 2126 sors
609 2080 667 2140 ego
682 2065 781 2141 prima
796 2065 849 2126 lui.

229 2150 258 2208 Α
273 2155 359 2223 patre
373 2147 455 2208 dicta
469 2161 537 2206 meo
555 2149 712 2223 quondam
729 2147 872 2210 Satruaia
885 2149 986 2210 Roma
999 2153 1069 2209 este

272 2231 356 2290 Haec
372 2230 412 2290 illi
427 2245 446 2290 a
461 2231 547 2291 caelo
563 2231 704 2306 proxima
717 2238 798 2293 terra
811 2232 877 2293 luit.

230 2312 262 2374 Si
277 2320 362 2376 turus
377 2314 407 2373 in
422 2312 520 2391 pretio
536 2321 598 2392 est,
613 2315 700 2376 dicor
716 2322 855 2376 matrona
868 2314 1025 2392 Tonantis,

271 2399 439 2475 Iunctaque
453 2399 583 2474 Tarpeio
598 2405 670 2460 sunt
682 2415 752 2459 mea
768 2401 883 2476 templa
896 2399 971 2462 lovi.

179 2488 212 2543 35
226 2481 276 2541 Au
291 2483 389 2557 potuit
402 2482 483 2542 Maio
499 2483 591 2558 pelex
604 2484 680 2542 dare
693 2483 817 2545 nomina
831 2483 939 2559 mensi,

271 2564 328 2625 llic
341 2565 441 2627 honor
454 2564 486 2625 in
499 2564 590 2626 uobis
605 2565 777 2627 invidiosus
794 2567 870 2626 criti

231 2646 290 2708 Cur
304 2648 393 2723 igitur
405 2648 514 2724 regina
528 2663 624 2709 vocor
636 2649 844 2726 princepsque
861 2650 1010 2711 dearuml

269 2729 374 2792 Aurea
387 2746 441 2791 cur
454 2731 581 2791 dextrae
595 2740 717 2809 sceptra
730 2732 845 2794 dedere
858 2740 966 2794 meaei

228 2814 277 2872 An
293 2813 405 2875 facient
417 2829 556 2875 mensem
569 2814 672 2891 luces,
686 2817 864 2894 Lucinaque
878 2818 917 2878 ab
932 2817 991 2878 illis

178 2906 213 2958 io
268 2896 374 2972 Ilieon,
391 2905 420 2960 et
435 2914 455 2958 a
468 2898 552 2959 nullo
568 2899 692 2962 nomina
711 2915 819 2961 mense
832 2901 972 2962 traham?

229 2981 303 3041 Tum
317 2997 366 3042 me
380 2983 534 3057 paeniteat
547 2983 694 3059 posuisse
707 2983 838 3047 fideliter
854 2985 916 3045 iras

269 3065 303 3123 ln
318 3080 414 3140 genus
429 3065 567 3127 Electrae
581 3067 829 3144 Dardaniamque
844 3069 977 3131 domum.

230 3147 330 3209 causa
344 3147 459 3224 duplex
473 3149 547 3211 irae.
575 3158 663 3227 rapto
679 3151 859 3231 Ganymede
871 3151 1032 3214 dolebams

269 3231 382 3293 Forma
398 3248 522 3308 quoque
535 3234 629 3294 idaeo
646 3234 747 3296 iudice
764 3238 845 3298 victa
862 3251 932 3299 meu
946 3241 1003 3298 est.

179 3321 212 3370 ie
226 3312 393 3388 Paeniteat,
410 3315 496 3389 quod
509 3331 571 3376 non
587 3319 678 3378 ioveo
694 3319 884 3395 Carthaginis
904 3334 1002 3393 arces,

269 3395 343 3457 Cum
359 3413 427 3458 mea
442 3397 503 3457 sint
515 3399 566 3458 illo
582 3415 688 3461 currus
703 3407 733 3461 et
747 3417 831 3463 arma
845 3403 926 3465 loco.

227 3474 382 3540 Paeniteat
395 3479 525 3554 Sparten
539 3480 703 3558 Argosque
717 3499 867 3560 measque
880 3487 1031 3564 Mycenas
