2394 3940
343 240 377 314 V,
399 237 428 313 5,
450 236 564 312 424,
587 238 617 300 5.

27 406 53 456 15
62 393 104 452 Nit
120 391 173 452 nisi
187 406 237 451 me
251 390 355 450 sotum
368 390 466 466 primo
482 395 593 452 tutatus
609 407 653 451 es.
686 399 717 450 at
731 407 811 452 nune

95 477 143 536 Me
156 474 269 551 pariter
283 489 376 534 serva
390 474 598 550 iudiciumque
616 483 714 535 tuum=

58 559 88 619 Si
101 561 188 622 modo
202 573 264 620 uon
288 558 394 633 aliqua·
406 558 497 619 estin
513 573 562 618 me
575 573 658 620 nova
673 561 787 636 eulpa‚·
801 567 944 639 tuamque

91 643 238 705 Mutarunt
253 641 356 704 'subito
373 639 619 706 ennlna'nostra
633 643 737 706 fidem.

60 729 183 804 Spiritus
196 727 255 801 hio,
279 721 533 806 Se'y'thieaquem
548 743 609 788 non
625 728 958 805 benedueinmssaura,

25 822 54 874 lo
100 811 183 887 Quod
197 799 311 888 auplo'
320 803 464 892 ¹ri‘nennbris
479 817 653 873 exeatante
667 813 753 888 meis,

62 897 150 970 Quam
165 895 341 978 tuasdeii'oto
351 889 542 972 'stringantur
555 904 683 973 pectora
697 903 813 972 nostro,

96 981 132 1042 Et
146 980 370 1040 videar'merito
381 979 477 1041 ''vilior
490 979 563 1042 esse
577 980 648 1042 tibl.-
708 992 721 1007 '¹

61 1065 121 1124 llon
136 1065 210 1137 adep
225 1065 281 1125 toti
297 1065 367 1125 iatis'
382 1061 546 1144 urguemur
560 1065 683 1144 iniquis,
734 1101 737 1110 ·

96 1149 135 1210 Ut
148 1165 211 1210 mea
225 1149 265 1211 'sit
278 1147 380 1226 longis
394 1165 482 1210 mens
496 1159 621 1227 quoque
635 1157 717 1212 muta
731 1152 829 1212 malis.

30 1245 55 1294 lt
65 1231 262 1316 Fingetamen
277 1239 400 1318 motam,
412 1231 566 1312 ‘quotiens
584 1237 815 1310 Agamemnone
831 1241 932 1296 natum

97 1317 213 1381 Dixiss'e
225 1318 257 1379 in
271 1313 410 1398 Pyladen
426 1319 521 1380 verba
534 1325 679 1395 proterva
692 1325 818 1395 purast<

62 1403 122 1482 ltee
130 1405 233 1482 procul
247 1420 266 1464 a
279 1411 355 1466 vero
370 1409 430 1480 est,
455 1403 541 1480 qdod
556 1399 607 1464 vel‘
620 1403 907 1480 pulsaritamioum.

96 1487 202 1551 Mansit
214 1489 246 1549 in
261 1488 372 1550 officiis
383 1492 452 1550 ‘non'
465 1485 566 1549 minus
581 1487 632 1548 ilie
647 1488 723 1550 suis.

62 1573 120 1632 liae
134 1571 179 1634 est
192 1589 260 1634 eum
275 1574 396 1635 miseris
412 1574 513 1635 solum
529 1580 690 1635 commune
698 1571 812 1647 beatis,

32 1665 58 1718 to
99 1657 254 1740 Ambobus
274 1657 364 1719 tribui
380 1659 464 1734 quod
479 1655 559 1718 solet
574 1656 767 1734 obsequium.

64 1741 174 1803 ceditur
188 1748 217 1804 et
232 1740 334 1803 c'aeais
350 1750 380 1804 et
396 1747 475 1818 quos'
489 1740 818 1819 praetexta‘ver‘endos

96 1825 246 1906 Virgaq'tr'e'
262 1842 331 1889 eum
346 1825 450 1888 verbis
465 1825 634 1903 imperiosa
649 1823 729 1888 iacit.

64 1909 91 1969 Si
103 1911 171 1971 mihi
185 1911 247 1973 n'on
262 1911 375 1989 paneis,
398 1912 538 1975 fortunae
552 1917 681 1988 parcere
696 1909 808 1970 debes:

96 1994 158 2056 Non
170 1995 264 2057 habet
277 1995 308 2056 in
323 1995 414 2058 nubis
428 1998 519 2058 ullius
535 1993 581 2055 ira
595 1994 706 2057 locum.

32 2077 140 2154 saulge
152 2083 326 2142 nostrorum
341 2081 496 2142 minimum
507 2079 728 2154 minimumque
741 2076 891 2150 taborum,

96 2164 162 2239 isto,
186 2163 269 2242 quod
283 2160 375 2239 reris,'
393 2165 540 2242 grandius
555 2163 711 2226 illuderit.

64 2246 147 2320 Quam
160 2245 254 2310 multa
267 2249 410 2310 madidae
426 2249 617 2310 celebrantur
631 2247 785 2310 arundine·
796 2247 910 2322 lassae,

95 2331 214 2394 Florida
229 2337 319 2412 quam
334 2336 444 2396 multas
459 2333 562 2420 Hybla
575 2340 676 2395 tuetur·
689 2347 774 2408 apes,

64 2415 148 2504 Quam
161 2417 273 2505 nutritae
287 2417 393 2513 graeili
408 2420 529 2480 terrena
542 2416 605 2478 *sub*
617 2417 730 2478 horrea
743 2416 825 2474 ferre
845 2437 849 2445 ·

32 2503 57 2558 a
97 2486 604 2584 simite‘lo'rnreaegrana'reperu
618 2500 735 2573 saeue

62 2583 124 2646 Tum
138 2603 185 2648 me
201 2579 377 2658 'atreum's'tat
392 2587 560 2651 densorum
571 2583 663 2647 turba
677 2584 836 2643 malorum.

96 2658 187 2733 Crede'
203 2659 292 2748 mitiis
309 2665 384 2734 u'ero
399 2669 567 2737 ‘estuostra
582 2667 719 2747 querella
735 2667 842 2728 minor.

61 2752 106 2816 llis
121 2757 172 2832 qui
187 2750 348 2838 sententiis
362 2762 425 2819 non
441 2760 501 2834 'est'
518 2757 549 2817 in
564 2753 636 2815 litus
651 2765 787 2827 arenas?

93 2839 125 2899 In
139 2844 274 2925 segetem
291 2843 405 2918 spiens,
415 2846 419 2856 ’
429 2843 459 2904 ῑη
474 2849 559 2904 mare
573 2834 681 2901 tundat
695 2849 803 2914 equas.

33 2920 288 3006 tsintempestiuo‘s
303 2926 393 3002 igitur
408 2925 572 3006 compesce
585 2928 747 2994 tumores·

94 3003 169 3068 Veia
184 3012 241 3070 nee
256 3008 286 3069 in
304 3009 406 3072 medio
422 3008 656 3072 desere'nostrd
667 3007 753 3066 mari.
768 3025 772 3032 ⁵

382 3121 576 3131 ——-.—-

23 3129 45 3226 Ῐ·
58 3136 149 3241 Quam
163 3176 252 3253 legis,
269 3194 307 3238 ex
322 3178 374 3239 illa¹
388 3177 681 3254 tibi'venitepistola
696 3183 785 3245 terra,

90 3259 181 3321 Latus
196 3261 250 3322 ubi
264 3263 430 3340 aequoreis
445 3262 568 3324 additur
581 3261 684 3322 Hister
697 3256 798 3336 aquis.

59 3338 85 3400 Si
98 3343 151 3404 tibi
166 3345 327 3420 eontigerit
341 3363 411 3408 oum
427 3347 507 3407 dulei
521 3347 583 3406 vita
599 3347 705 3420 salute,

90 3427 227 3510 candida
242 3429 383 3491 fortunae
396 3434 470 3507 pars
485 3433 588 3490 manet
602 3443 663 3489 una
677 3438 773 3488 meae:
908 3501 915 3515 ⁹

38 3506 179 3590 sicilicet,
203 3518 237 3572 ut
252 3529 384 3592 semper,
408 3513 482 3590 quid
497 3524 594 3589 agam,
618 3511 785 3579 carissime,
810 3518 951 3580 quoertsr
