2492 3926
172 228 235 292 eoo
549 207 807 290 instoriam

188 389 237 444 175
252 379 292 442 At
307 386 470 455 postquam
485 378 581 441 virtus
596 379 684 440 annis
699 376 849 450 adolevit,
871 377 903 436 in
917 393 1013 453 apros

291 464 394 523 Audet
408 469 439 522 ot
452 462 585 525 hirsutas
601 462 770 522 comminus
785 463 829 520 ire
844 459 935 520 lcras.

252 547 393 621 Dumque
408 547 483 620 petit
496 546 629 606 latebras
644 546 744 605 foetae
759 545 940 619 catulosque
954 544 1100 617 leaenae,

291 631 363 704 lpse
378 630 433 689 luit
444 629 581 708 Libycae
595 629 713 705 praede
726 635 851 688 cruenta
865 629 958 688 lerae.

252 712 349 773 Mater
363 713 467 790 Hyan,
483 721 513 772 et
526 714 617 791 Hyan
631 718 767 772 maestae
781 709 897 770 flevere
912 726 1053 784 sorores,

187 805 238 860 180
295 796 512 871 Cervicemque
528 798 601 872 polo
616 795 834 872 suppositurus
848 795 945 855 Atlas

252 880 360 938 Victus
374 887 503 953 uterque
518 895 630 955 parens
645 888 745 939 tamen
758 885 807 937 est
822 877 941 952 pietate·
950 893 1123 938 sororum:

274 963 347 1022 ·llla
364 963 449 1022 dedit
461 964 593 1037 caelum,
609 963 732 1023 nonina
748 961 819 1021 lecit
832 961 929 1040 Hyas.

253 1047 370 1120 ‘Malea
393 1045 477 1117 ades,
500 1045 620 1121 ilerum,
641 1046 722 1106 ludis
737 1044 921 1104 celebranda
939 1045 1078 1106 iocosis!

294 1130 476 1190 Distuleram
492 1137 595 1203 partes
609 1145 715 1188 mense
730 1129 831 1203 priore
845 1136 924 1189 tuas.
958 1189 962 1198 ,

187 1223 237 1279 165
250 1213 363 1288 Incipis
378 1213 490 1287 Aprili,
506 1214 618 1272 transis
634 1213 817 1288 intempore
833 1211 904 1270 Mai.

293 1296 378 1355 Alter
392 1303 423 1355 te
438 1295 573 1370 lugiens,
590 1311 659 1356 cum
673 1297 771 1370 venit,
790 1296 865 1355 alter
877 1295 979 1356 habet.

254 1380 328 1439 Cum
343 1386 395 1439 tua
409 1379 470 1439 sint
484 1379 655 1454 cedantque
669 1378 722 1439 tibi
738 1379 872 1439 confinia
886 1395 1036 1455 mensum,

295 1463 445 1524 Convenit
459 1463 489 1522 in
504 1463 612 1524 laudes
626 1463 677 1523 ille
687 1465 739 1522 ·vel
755 1463 805 1521 ille
826 1469 906 1523 tuas.

254 1546 358 1607 Circus
374 1547 404 1607 in
419 1547 501 1606 hunc
515 1547 578 1606 exit
592 1547 781 1620 clamataque
798 1547 899 1622 palma
915 1545 1060 1607 theatris:

188 1641 239 1696 190
291 1632 358 1691 Hoc
373 1646 497 1707 quoque
513 1647 582 1690 curn
597 1629 673 1690 Circi
688 1645 813 1690 munere
827 1645 948 1688 carmen
964 1638 1024 1690 eat.

253 1716 325 1790 ipsa
341 1716 433 1788 doce,
451 1729 530 1788 quae
546 1713 600 1775 sis.
624 1713 778 1772 hominum
793 1713 943 1773 sententia
957 1713 1050 1773 lallax

295 1798 461 1874 Optimam
476 1797 591 1873 proprii
608 1797 739 1857 nominis
755 1804 862 1856 auctor
877 1797 960 1856 eris!

253 1881 304 1942 Sic
319 1896 387 1956 ego.
418 1882 463 1941 sic
477 1881 590 1942 nostris
605 1880 765 1955 respondit
780 1880 851 1939 diua
865 1880 993 1956 rogatis:

291 1964 371 2025 Dum
386 1965 534 2040 loquitur,
555 1980 667 2025 vernas
682 1962 768 2023 elllat
781 1963 820 2023 ab
837 1979 890 2023 ore
905 1979 1004 2024 rosas.

187 2057 236 2112 195
251 2047 381 2108 ‘Chloris
397 2063 495 2121 eram,
517 2065 597 2123 quae
610 2046 699 2108 Flora
713 2063 818 2108 vocor.
848 2053 989 2123 corrupta
1003 2047 1123 2108 Latino

293 2131 431 2192 Nominis
447 2139 495 2192 est
509 2132 604 2190 nostri
620 2132 718 2191 littera
732 2131 850 2192 Graeca
866 2146 954 2191 sono.

254 2213 372 2275 Chloris
390 2229 483 2290 eram,
503 2213 639 2292 nymphe
654 2215 754 2291 campi
770 2214 881 2287 felicis,
903 2214 955 2274 ubi
971 2213 1062 2275 audis

294 2300 370 2360 Rem
385 2297 544 2358 fortunatis
560 2304 629 2358 ante
644 2298 741 2358 luisse
755 2298 839 2357 viris.

254 2383 336 2458 Quae
351 2382 441 2443 luerit
453 2382 524 2441 mihi
540 2383 651 2456 forma,
673 2397 766 2456 grave
781 2389 828 2440 est
843 2395 966 2440 narrare
984 2380 1161 2443 modestae

186 2478 239 2530 200
294 2466 357 2526 sed
373 2481 517 2540 generum
533 2465 620 2524 matri
632 2465 768 2539 repperit
781 2465 832 2524 illa
847 2464 948 2524 deum.

251 2552 316 2609 Ver
330 2557 409 2622 erat,
426 2547 579 2609 errabam:
601 2547 762 2624 Zephyrus
778 2547 953 2623 conspexit,
970 2546 1112 2608 abibam.

293 2633 480 2706 insequitur,
503 2631 597 2705 lugia.
626 2631 732 2689 lortior
746 2631 796 2689 ille
812 2631 874 2691 luit.

251 2715 289 2774 Et
303 2714 430 2773 dederat
444 2713 525 2770 iratri
540 2715 657 2772 Boreas
671 2714 719 2773 ius
735 2729 823 2775 omne
836 2713 971 2788 rapinae,

227 2811 238 2832 ·
291 2799 398 2856 Ausus
412 2795 582 2855 Erechthea
597 2796 733 2870 praemia
747 2797 825 2856 lerrc
841 2797 943 2857 domo.

186 2891 237 2945 205
251 2880 322 2954 Vim
336 2886 437 2938 taurea
452 2878 593 2938 emendat
608 2880 710 2940 dando
726 2880 797 2938 mihi
813 2881 935 2940 uomina
949 2887 1073 2956 nuptae,

293 2964 389 3036 loque
403 2979 471 3023 meo
487 2978 547 3024 non
564 2969 611 3023 est
631 2964 692 3023 ulla
708 2963 843 3038 querella
856 2969 935 3023 toro.

255 3049 333 3106 Vere
348 3047 432 3106 lruor
446 3062 577 3121 semper.
607 3062 730 3121 semper
744 3046 943 3107 nitidissimus
959 3062 1068 3120 annus,

290 3130 391 3192 Arbor
405 3128 497 3191 habet
511 3131 651 3203 lrondeS,
676 3130 788 3204 pabula
802 3143 925 3206 semper
938 3130 1062 3192 humus.

251 3215 306 3275 Est
321 3213 391 3274 mihi
407 3213 579 3274 loecuodus
595 3211 748 3274 dotalibus
763 3213 870 3274 hortus
886 3215 916 3273 in
932 3215 1029 3289 agris:

185 3309 238 3363 tl)
289 3300 375 3359 Aura
388 3300 479 3370 levet,
502 3296 636 3370 liquidae
651 3295 734 3357 loute
747 3297 865 3370 rigatur
879 3314 987 3372 aquae.
1017 3317 1019 3322 ·

251 3384 339 3445 Hunc
353 3397 440 3443 meus
455 3379 590 3454 implevit
603 3395 755 3454 generoso
771 3379 848 3441 llore
863 3381 997 3452 maritus,

292 3472 394 3540 Atque
409 3464 463 3539 ait,
485 3462 674 3524 “Arbitrium
688 3470 734 3540 ta,
751 3465 823 3540 dea,
847 3464 933 3525 lloris
948 3465 1067 3526 babo.”
