2394 3940
260 319 271 330 Δ
385 275 416 318 v.
439 256 616 322 lta-221.

120 411 214 472 Tertia
227 412 379 472 fumantes
395 410 540 487 incoquet
554 413 625 487 igne
643 428 750 487 genas.

35 506 72 560 lta
80 497 171 558 Noxia
182 495 262 556 rnille
276 495 378 555 modis
392 495 575 556 lacerabitur
588 496 706 571 umbra,
724 503 856 573 tuasque

120 581 235 642 Aeaeus
249 578 280 638 in
298 594 416 654 poenas
431 579 609 654 ingeniosas
624 581 689 640 erit.

83 663 112 722 ln
126 670 153 723 te
166 662 346 724 transcribet
361 667 496 722 veterum
511 669 660 724 tormenta
675 679 809 724 reorum:

118 746 252 808 Manibus
268 746 403 822 antiquis
418 761 512 806 caasa
527 747 638 822 quietis
653 748 725 807 eris.

83 828 216 906 Sisyphe,
240 831 289 892 oui
303 830 409 893 tradas
423 829 593 891 revolubile
607 831 740 906 pondus,
762 829 908 892 habehisz

35 917 74 971 lto
118 913 288 974 Versabunt
301 915 418 974 celeres
433 929 515 973 nune
529 929 612 974 nova
625 912 761 974 nrenrbra
774 922 869 976 rotae.

80 997 129 1056 Hie
142 1005 170 1057 et
183 998 247 1072 erit,
269 1013 374 1060 ramos
390 998 502 1058 trustra
518 997 571 1074 qui
585 1004 696 1074 captet,
718 999 876 1060 alendas:

116 1081 167 1140 Hie
180 1082 397 1158 inconsumpto
414 1082 535 1144 viscere
553 1089 663 1158 paseat
676 1097 761 1142 aves.

80 1164 134 1224 Neo
146 1166 250 1228 mortis
267 1180 386 1242 poenas
400 1181 485 1226 mors
500 1167 595 1226 altera
610 1165 694 1226 finiet
707 1165 807 1241 huius,

113 1249 253 1326 Horaque
269 1251 326 1312 erit
339 1250 429 1310 tantis
444 1250 549 1312 dhara
563 1250 645 1310 nulla
659 1250 756 1309 malis.

37 1332 144 1393 ralnde
157 1349 214 1408 ego
230 1349 332 1410 pauca
346 1350 463 1394 canam.
496 1333 621 1394 lrondes
637 1341 672 1395 ut
684 1333 781 1410 siquis
796 1335 834 1394 ab
851 1335 913 1409 lde,

114 1419 170 1477 Aut
183 1433 333 1479 summanr
348 1417 465 1494 Libyco
481 1417 619 1478 demere
634 1425 740 1494 carpat
753 1435 873 1492 aquarn.

80 1499 145 1559 llam
157 1517 258 1576 neque
274 1509 349 1576 quot
362 1501 457 1561 llores
472 1499 576 1562 Sicula
590 1508 754 1563 nascantur
767 1502 797 1561 in
814 1503 922 1579 Hybla,

116 1583 226 1658 Quotve
241 1587 327 1660 ierat,
350 1586 459 1662 dieam,
480 1591 561 1645 terra
577 1585 686 1648 Cilissa
701 1600 820 1658 crocos,

82 1666 134 1728 lieo
147 1685 212 1730 eurn
227 1669 322 1730 tristis
334 1669 431 1730 hienis
447 1670 601 1746 aquilonis
616 1669 764 1730 inhorruit
778 1669 845 1744 alis,

35 1763 75 1816 llo
117 1752 204 1826 Quam
217 1753 313 1814 multa
326 1753 380 1814 liat
393 1753 541 1830 grandine
559 1768 656 1814 canus
669 1752 784 1812 Athos=

83 1834 134 1897 lieo
146 1838 223 1898 mala
239 1853 317 1897 vooe
331 1853 400 1898 rnea
415 1843 558 1913 poterunt
572 1844 624 1898 tna
638 1842 746 1896 cuncta
760 1835 877 1910 referri,

118 1919 170 1980 Ora
184 1921 254 1983 lieet
267 1919 383 1982 tribuas
398 1922 597 1998 multiplicata
610 1919 693 1982 mihi.

83 2003 128 2063 iot
138 2003 189 2064 tibi
204 2013 277 2065 vael
298 2007 409 2066 misero
426 2007 549 2066 venient
561 2007 701 2080 talesque
715 2004 831 2080 riu'nae,

114 2088 148 2150 Ut
161 2090 228 2165 cogi
243 2089 274 2149 in
289 2090 431 2152 laorirnas
445 2107 494 2150 rne
510 2106 634 2165 quoque
648 2105 744 2166 posse
759 2096 871 2164 putem.

34 2169 143 2236 ansillae
155 2190 202 2233 ine
215 2174 359 2236 lacrimae
373 2175 486 2236 iaciant
500 2173 573 2254 sine,
581 2175 643 2234 fine
657 2173 793 2234 beatum:

117 2256 234 2318 Dulcior
247 2258 298 2319 hie
312 2259 375 2320 risu
389 2266 462 2322 tuno
477 2257 550 2319 mihi
563 2256 655 2320 fletus
671 2257 735 2316 erit.

84 2338 164 2402 Natus
179 2358 212 2402 es
226 2341 362 2416 inlelix‚..
376 2344 419 2404 ita
434 2343 465 2403 di
479 2343 643 2404 voluere...
658 2356 716 2400 nea
730 2340 792 2399 ulla

116 2425 276 2487 commoda
290 2429 428 2488 nascenti
444 2428 533 2488 stella
547 2426 687 2500 levisque
702 2424 765 2484 luit.

83 2507 139 2568 Non
152 2511 256 2572 Venus
272 2510 404 2586 adfulsit,
430 2527 491 2572 non
507 2511 557 2570 illa
571 2508 706 2584 Iuppiter
720 2507 804 2579 hora,

35 2603 75 2657 llo
113 2593 252 2669 Lunaque
267 2610 328 2654 non
345 2603 417 2671 apto
433 2595 543 2670 solque
558 2595 643 2654 luere
657 2593 736 2665 loco,

82 2674 134 2736 Neo
148 2678 220 2738 satis
236 2678 347 2739 utiliter
362 2679 482 2754 positos
496 2679 549 2738 tibi
565 2675 705 2753 praebuit
718 2675 805 2750 ignes

115 2760 203 2834 Quem
217 2763 337 2838 peperit
350 2779 461 2838 niagno
476 2763 578 2823 lucida
592 2759 673 2821 Maia
686 2759 762 2820 Iovi.

82 2842 115 2902 Ta
130 2846 190 2904 lero
204 2862 261 2906 neo
277 2847 442 2921 quiequam
457 2847 611 2923 placidum
629 2842 813 2920 spondentia
827 2843 929 2904 Martis

116 2927 219 2988 Sidera
234 2938 421 3006 presserunt,
442 2931 632 3004 laleilerique
647 2929 741 2989 senis.

33 3017 70 3072 lla
80 3009 137 3070 Lux
152 3029 274 3089 quoque
288 3015 408 3088 natalis,
432 3031 471 3074 ne
487 3015 560 3090 quid
575 3012 634 3073 nisi
650 3012 734 3073 triste
748 3011 881 3084 videres
986 3013 989 3020 ’

114 3097 220 3172 Turpis
234 3106 265 3159 et
278 3099 409 3158 indoctis
425 3098 557 3159 nubibus
573 3104 638 3158 atra
652 3096 715 3165 init.

18 3223 19 3228 η
78 3177 153 3238 Haeo
167 3187 223 3256 est,
245 3183 274 3241 in
292 3181 379 3242 iestis
394 3184 444 3242 oui
459 3182 511 3243 dat
525 3180 630 3257 gravis
645 3180 725 3240 Allia
740 3195 860 3254 nornen,

113 3262 254 3339 Quaeque
270 3266 337 3326 dies
352 3265 428 3340 ibin,
451 3266 575 3342 publiea
590 3264 709 3337 damna,
731 3264 805 3324 tulit.
972 3263 974 3266 ’

79 3346 127 3419 Qui
141 3348 230 3408 simul
244 3350 364 3425 impura
376 3351 480 3410 rnalris
501 3351 666 3426 prolapsus
683 3347 722 3407 ab
736 3349 806 3408 alvo

32 3433 68 3488 rio
112 3430 290 3508 Cinyphiam
305 3435 398 3495 foedo
415 3450 545 3510 corpore
561 3432 675 3509 pressit
689 3432 820 3507 humum,

20 3531 22 3594 y
78 3512 156 3575 Sedit
169 3516 200 3574 in
216 3519 350 3579 adverso
366 3527 533 3580 nocturnus
549 3517 679 3579 eulmine
692 3515 786 3586 bubo,
