2492 3926
425 278 482 350 Vl,
507 275 682 339 loo-224.

456 450 458 454 ’
482 479 512 540 2.
537 479 616 558 [nn]

124 601 255 662 Postero
270 601 324 660 lux
340 599 482 676 Hyadas,
499 597 647 657 Taurinae
662 613 777 658 cornua
792 599 910 675 nuntie,

170 685 302 760 Evocat,
318 690 348 744 el
359 683 452 742 mullo
465 689 546 740 lerre
562 682 711 741 madescit
725 699 815 757 aque.

499 815 528 876 3.
552 815 607 874 BC

126 939 219 1000 lllune
233 937 284 998 ubi
301 936 349 996 bis
365 935 468 1009 luerit,
484 933 691 1009 Phoebusque
705 934 857 995 iteraverit
877 946 970 1011 orius,

41 1037 112 1088 200
171 1023 327 1096 Factaque
342 1020 399 1080 cril
414 1020 516 1094 posito
531 1033 601 1080 rore
618 1019 664 1080 bis
679 1019 741 1080 udo
756 1035 856 1095 seges,

127 1109 194 1166 Hac
214 1112 333 1167 socrate
349 1105 398 1164 die
412 1105 511 1164 Tusco
530 1103 657 1163 Bellona
673 1104 774 1164 duello

172 1190 302 1263 Dicitur,
320 1197 349 1250 el
362 1189 448 1250 Latio
466 1203 618 1263 prospere
632 1203 756 1264 sernper
771 1189 867 1250 adesi.

126 1276 251 1350 Appius
268 1281 315 1334 est
329 1281 448 1348 auctor,
463 1271 579 1349 Pyrrho
596 1272 649 1346 qui
665 1288 742 1348 pace
758 1281 868 1348 negate

173 1355 415 1419 Mullurn'aninro
433 1356 521 1430 vidit,
538 1355 650 1417 lunrine
665 1366 774 1438 captus
795 1367 866 1417 eret.

43 1453 112 1506 205
128 1441 284 1519 Prospieil
297 1461 316 1502 a
331 1443 442 1516 templo
458 1458 610 1502 sunnnunr
623 1441 727 1500 brevis
743 1459 815 1502 eree
831 1443 946 1503 Circum

170 1528 225 1588 Est
239 1527 281 1587 ibi
297 1543 356 1586 non
374 1542 488 1601 pervee
502 1542 600 1601 parva
615 1527 756 1586 columne
772 1533 872 1586 notae.

127 1612 208 1672 Hine
223 1613 304 1672 solet
317 1611 406 1672 hasla
419 1627 524 1684 manu,
540 1609 611 1672 belli
626 1613 821 1686 praenuntia,
838 1610 922 1685 milli,

172 1697 205 1754 ln
221 1711 324 1771 regem
341 1702 371 1756 el
384 1703 491 1770 gentes
507 1710 574 1756 cunr
591 1695 693 1769 placet
709 1711 793 1755 enne
807 1694 886 1770 cepi.

498 1827 528 1890 4.
553 1829 604 1888 CC

126 1951 236 2010 Altera
252 1967 324 2027 pars
342 1951 419 2012 Circi
436 1950 570 2012 Custode
585 1949 641 2009 sub
657 1951 788 2010 Hercule
804 1958 865 2011 lule
881 1959 942 2010 est:

43 2047 113 2099 210
177 2035 263 2110 Quod
280 2037 356 2096 deus
374 2035 511 2096 Euboico
528 2035 662 2094 earnrine
676 2051 786 2096 munus
804 2035 903 2095 lrabel.

126 2119 266 2180 Muneris
283 2129 330 2182 est
346 2128 481 2195 tempus,
499 2119 551 2195 qui
568 2119 672 2178 Nonus
687 2119 795 2180 lucifer
810 2125 880 2180 aule
895 2128 950 2180 esl.

174 2203 206 2264 Si
223 2205 339 2265 tilulum
356 2205 495 2280 quaeris,
513 2203 598 2263 Sulla
613 2202 756 2278 probavit
772 2219 861 2279 opuS.

459 2336 490 2400 5.
512 2339 537 2398 D
559 2336 649 2397 NON

116 2459 336 2534 ⁴Quaerebam,
352 2461 457 2521 Nonas
473 2459 585 2531 Sanco,
600 2458 729 2519 Fidione
743 2458 897 2531 referrem,

172 2547 220 2604 An
237 2545 304 2620 libi,
321 2545 412 2605 Serno
429 2551 523 2620 paler.
551 2544 625 2602 Turn
642 2543 715 2602 milri
731 2542 849 2602 Sancus
865 2542 921 2601 eil:

41 2641 112 2693 215
130 2628 332 2704 ‘Cuicumque
348 2647 387 2690 ex
403 2631 469 2690 islis
487 2628 625 2703 dederis,
642 2643 699 2702 ego
715 2643 824 2687 munus
840 2627 971 2686 habebo

175 2713 303 2774 Nomina
317 2722 403 2774 ierne
418 2717 493 2774 lero.
525 2713 569 2773 sic
584 2711 710 2772 voluere
727 2711 843 2771 Cures!

128 2797 220 2857 Hunc
235 2799 326 2872 igilur
340 2806 460 2858 veteres
477 2797 628 2857 donorunl
644 2797 721 2856 cede
738 2795 851 2868 Sabini,

174 2883 269 2956 lnque
285 2883 430 2956 Quirinali
447 2883 632 2942 conslilucr'e
648 2884 729 2954 iugo.

498 3017 532 3076 ’6,
554 3015 611 3074 ΕΝ

128 3131 184 3191 Est
198 3132 300 3191 milri...
317 3132 432 3206 sitque,
449 3147 574 3206 precor,
592 3132 705 3191 nostris
721 3131 888 3190 diuturnior
903 3129 1022 3190 annis...

38 3227 112 3282 220
171 3215 261 3290 Filia,
277 3235 339 3291 que
354 3217 427 3276 lelix
442 3216 560 3290 sospile
575 3231 698 3291 semper
713 3231 775 3274 ero.

127 3299 216 3360 Hane
231 3316 289 3375 ego
306 3317 375 3361 cum
391 3302 499 3360 vellern
515 3315 628 3374 genero
649 3301 738 3374 dere,
754 3305 894 3375 tempore
907 3298 1007 3359 taedis

173 3386 252 3459 Aple
266 3384 476 3460 requirebam,
494 3399 636 3458 quaeque
651 3384 790 3444 cavenda
805 3384 913 3443 forent.

128 3468 204 3528 Turn
219 3469 291 3528 rnilri
306 3477 380 3544 post
393 3483 498 3529 sacres
514 3475 698 3527 monstratur
712 3468 816 3528 lunius
832 3467 906 3526 ldus

171 3553 258 3613 Urnis
276 3563 305 3614 el
319 3553 438 3628 nuptie,
455 3550 536 3612 utilis
553 3567 624 3611 esse
640 3552 721 3623 viris,

73 3653 172 3698 orno.
195 3637 245 3695 lll.
413 3687 417 3692 .
816 3643 849 3696 ,11
