2450 3932
393 186 423 262 l,
445 186 482 262 6,
502 183 623 264 27-8,
641 185 692 249 24.

122 341 242 402 Nesciet
255 339 306 400 his
321 354 472 399 summam
491 337 589 412 siquis
605 338 716 400 abesse
730 357 862 404 manum.

21 421 22 480 ]
87 425 223 486 Ablatum
238 417 352 483 mediis
369 438 449 498 opus
470 428 517 483 est
529 423 692 484 incudibus
713 424 796 499 illud,

51 517 79 570 3⁰
123 509 225 570 Defuit
239 513 270 568 et
285 507 410 583 scriptis
425 507 529 566 ultima
547 507 620 566 lima
634 509 721 568 meis.

88 593 123 654 Et
135 593 257 652 veniam
273 608 334 667 pro
351 591 443 651 laude
456 597 537 666 peto.
578 591 721 653 laudatus
736 593 868 668 abunde,

21 753 22 758 ἵ
122 677 189 738 Non
204 676 362 737 fastiditus
379 675 406 736 si
419 674 489 747 tibi,
504 677 616 746 lector,
636 690 700 738 ero.

21 761 23 772 '
87 761 148 822 Hos
164 775 289 836 quoque
305 776 363 820 sex
380 775 505 833 versus,
525 759 556 818 in
573 759 672 834 prima
688 761 787 820 fronte
804 758 898 820 libelli

127 845 158 906 Si
171 844 413 922 praeponendos
435 859 507 904 esse
524 843 666 918 putabis,
685 843 781 903 habe=

52 937 78 991 35
92 929 167 990 Orba
183 936 312 1006 parente
326 945 385 990 suo
402 928 588 1004 quicumque
607 929 765 989 volumina
783 929 894 1005 tangis,

122 1015 175 1074 His
192 1015 301 1074 saltem
315 1020 421 1074 vestra
435 1012 524 1072 detur
539 1012 569 1070 in
584 1010 667 1073 Urbe
682 1015 785 1074 locust

89 1099 213 1173 Quoque
227 1098 326 1172 magis
346 1100 467 1170 faveas,
485 1112 547 1156 non
563 1103 635 1157 sunt
653 1097 730 1158 haec
745 1097 827 1158 edita
844 1098 882 1158 ab
899 1099 979 1175 ipso,

126 1181 188 1242 Sed
203 1183 294 1258 quasi
311 1184 350 1243 de
365 1181 481 1242 domini
495 1182 601 1240 lunere
614 1189 703 1258 rapta
722 1182 780 1242 sui.

91 1265 239 1341 Quicquid
254 1267 284 1326 in
299 1266 349 1326 his
361 1267 452 1343 igitur
467 1265 532 1325 vitii
547 1265 623 1324 rude
640 1281 762 1326 carmen
779 1265 914 1342 habebit,

52 1356 79 1410 lo
127 1350 369 1426 EmendaturuS‚
390 1352 417 1412 si
432 1349 584 1424 licuisset,
600 1365 694 1411 eram.

431 1462 580 1470 ---......—--
589 1465 601 1468 ..

44 1477 76 1575 8.
92 1482 127 1573 ln
144 1524 236 1591 caput
251 1518 312 1576 alta
328 1532 418 1577 suum
435 1521 575 1580 labentur
589 1521 628 1580 ab
647 1534 784 1594 aequore
801 1525 882 1580 retro

127 1599 282 1676 Flrunina,
304 1603 465 1664 conversis
481 1603 598 1679 Solque
614 1609 752 1663 recurret
766 1604 869 1679 equis:

91 1684 179 1743 Terra
196 1685 273 1743 ieret
292 1685 412 1760 stellae,
429 1691 547 1748 caelum
561 1688 695 1748 findetur
708 1691 819 1759 aratro,

21 1827 22 1832 ,
128 1768 218 1828 Unde
233 1767 320 1827 dabit
338 1766 478 1832 flammas
494 1780 523 1832 et
542 1771 627 1832 dabit
642 1771 722 1845 ignis
742 1785 854 1845 aquas=

21 1841 23 1954 l
66 1850 193 1912 50mnia
208 1858 336 1912 naturae
355 1864 557 1932 praepostera
572 1854 690 1930 legibus
711 1852 805 1929 ibunt,

21 1957 23 2008 p
125 1934 263 2010 Parsque
280 1953 369 1997 suum
385 1941 490 2001 mundi
504 1941 588 2000 nulla
606 1938 723 2000 tenebit
739 1938 811 1998 iter:

21 2011 23 2112 i
93 2019 197 2080 Omnia
216 2021 276 2080 iam
291 2022 380 2096 fient,
401 2024 467 2084 fieri
480 2024 564 2102 ‘quae
580 2039 678 2100 posse
695 2024 854 2098 negabam,

21 2141 23 2160 i
123 2104 160 2163 Et
177 2103 251 2163 nihil
266 2112 328 2177 est,
349 2106 387 2165 de
403 2126 465 2184 quo
481 2127 543 2170 non
559 2110 599 2170 sit
612 2108 757 2168 habenda
771 2107 862 2168 fides.

21 2183 22 2250 j
88 2189 168 2247 Haec
184 2203 243 2262 ego
258 2189 425 2268 vaticinor,
445 2195 516 2268 quia
530 2210 598 2254 sum
616 2193 764 2266 deceptus
780 2191 894 2264 abillo,

21 2287 22 2360 ξ
52 2282 79 2332 10
127 2273 273 2332 Laterum
288 2273 403 2335 misero
419 2292 510 2352 quem
524 2277 598 2336 milri
616 2274 708 2336 rebar
727 2291 828 2350 opem.

21 2361 23 2444 i
88 2357 281 2431 lantonem,
297 2358 406 2431 fallax,
428 2377 539 2437 cepere
554 2360 668 2421 oblivia
681 2361 788 2432 nostri,

21 2449 23 2518 l
124 2440 345 2516 Alllictumque
359 2443 414 2504 luit
428 2452 530 2506 tantus
546 2445 631 2504 adire
647 2445 744 2517 timor,

21 2521 22 2526 ’
91 2525 127 2584 Ut
138 2540 239 2602 neque
259 2527 449 2602 respiceres,
467 2544 525 2588 nec
540 2531 678 2590 solarere
694 2527 852 2600 iacentem,

21 2625 23 2638 ·
127 2609 223 2684 Dure,
239 2625 298 2669 nec
315 2615 462 2687 exequias
477 2627 702 2689 prosequerere
716 2616 824 2671 meast

21 2735 23 2776 ‚
52 2700 79 2752 15
91 2692 165 2752 lllud
184 2695 337 2754 amicitiae
353 2704 492 2758 sanetum
512 2713 550 2758 ac
564 2695 739 2756 venerabile
758 2709 870 2754 nomen

21 2783 22 2798 ¹
124 2779 171 2837 Re
184 2777 239 2836 tibi
258 2795 316 2854 pro
331 2781 385 2839 vili
405 2781 463 2841 sub
479 2782 674 2858 pedibusque
695 2779 795 2839 iacet?

91 2860 166 2934 Quid
184 2862 255 2938 luit,
271 2864 386 2938 ingenti
406 2873 592 2941 prostratum
605 2867 685 2924 mole
701 2863 840 2924 sodalem

127 2945 239 3006 Visere
254 2954 285 3007 et
299 2949 437 3025 adloquii
451 2957 538 3027 parte
556 2953 661 3011 levare
674 2949 740 3008 tuit

89 3029 181 3106 loque
194 3047 283 3092 meos
303 3033 330 3092 si
346 3050 408 3094 non
423 3035 578 3095 lacrimam
593 3033 742 3094 dimittere
758 3047 858 3105 casuS,

48 3113 74 3168 ²0
127 3115 228 3174 Pauca
242 3123 346 3177 tamen
360 3119 431 3178 ficto
447 3119 543 3179 verba
557 3120 665 3178 dolore
680 3117 775 3192 queri,

90 3198 201 3274 quue,
223 3203 309 3274 quod
324 3203 418 3278 ignoti
433 3203 564 3279 iaciunt,
580 3203 629 3262 vel
646 3202 748 3261 dicere
760 3201 877 3276 saltem,

127 3284 167 3343 Et
179 3300 292 3345 vocem
307 3287 413 3362 populi
424 3288 610 3364 publicaque
621 3302 676 3345 ora
690 3285 801 3359 sequit

87 3366 228 3444 Denique
243 3370 390 3446 lugubres
404 3373 506 3433 vultus
521 3385 750 3446 numquamque
763 3364 917 3430 videndos

123 3453 261 3514 cernere
276 3472 420 3533 supremo
436 3457 508 3517 durn
521 3456 664 3532 licuitque
679 3454 738 3528 die,
