<?xml version="1.0" encoding="UTF-8"?>
<!DOCTYPE html PUBLIC "-//W3C//DTD XHTML 1.0 Transitional//EN"
    "http://www.w3.org/TR/xhtml1/DTD/xhtml1-transitional.dtd">
<html xmlns="http://www.w3.org/1999/xhtml" xml:lang="en" lang="en">
 <head>
  <title>
</title>
<meta http-equiv="Content-Type" content="text/html;charset=utf-8" />
  <meta name='ocr-system' content='tesseract 3.04.00' />
  <meta name='ocr-capabilities' content='ocr_page ocr_carea ocr_par ocr_line ocrx_word'/>
</head>
<body>
  <div class='ocr_page' id='page_1' title='image "./povidiusnaso00goog_0102.png"; bbox 0 0 2394 3940; ppageno 0'>
   <div class='ocr_carea' id='block_1_1' title="bbox 376 297 1039 376">
    <p class='ocr_par' dir='ltr' id='par_1_1' title="bbox 376 297 1039 376">
     <span class='ocr_line' id='line_1_1' title="bbox 376 297 1039 376; baseline 0.011 -20"><span class='ocrx_word' id='word_1_1' title='bbox 376 298 414 375; x_wconf 90' lang='lat' dir='ltr'><strong>v,</strong></span> <span class='ocrx_word' id='word_1_2' title='bbox 438 297 487 375; x_wconf 81' lang='grc' dir='ltr'><strong>ιο,</strong></span> <span class='ocrx_word' id='word_1_3' title='bbox 511 297 645 376; x_wconf 80' lang='lat'>11-12,</span> <span class='ocrx_word' id='word_1_4' title='bbox 667 298 697 360; x_wconf 81' lang='lat'><strong>2.</strong></span> <span class='ocrx_word' id='word_1_5' title='bbox 997 299 1039 364; x_wconf 84' lang='lat'><strong>91</strong></span> 
     </span>
    </p>
   </div>
   <div class='ocr_carea' id='block_1_2' title="bbox 78 451 1040 778">
    <p class='ocr_par' dir='ltr' id='par_1_2' title="bbox 78 451 1040 778">
     <span class='ocr_line' id='line_1_2' title="bbox 111 451 945 528; baseline -0.002 -14"><span class='ocrx_word' id='word_1_6' title='bbox 111 454 237 528; x_wconf 87' lang='lat' dir='ltr'><strong>Utraque</strong></span> <span class='ocrx_word' id='word_1_7' title='bbox 251 467 352 528; x_wconf 85' lang='lat' dir='ltr'><strong>poena</strong></span> <span class='ocrx_word' id='word_1_8' title='bbox 366 451 480 526; x_wconf 83' lang='lat' dir='ltr'><strong>gravis.</strong></span> <span class='ocrx_word' id='word_1_9' title='bbox 513 451 610 512; x_wconf 90' lang='lat' dir='ltr'><strong>merui</strong></span> <span class='ocrx_word' id='word_1_10' title='bbox 625 458 726 512; x_wconf 87' lang='lat' dir='ltr'><strong>tamen</strong></span> <span class='ocrx_word' id='word_1_11' title='bbox 742 451 817 513; x_wconf 90' lang='lat' dir='ltr'><strong>urbe</strong></span> <span class='ocrx_word' id='word_1_12' title='bbox 831 467 945 526; x_wconf 91' lang='lat' dir='ltr'><strong>carere,</strong></span> 
     </span>
     <span class='ocr_line' id='line_1_3' title="bbox 78 534 710 599; baseline -0.005 0"><span class='ocrx_word' id='word_1_13' title='bbox 78 548 105 599; x_wconf 77' lang='lat' dir='ltr'><strong>tu</strong></span> <span class='ocrx_word' id='word_1_14' title='bbox 150 537 213 599; x_wconf 90' lang='lat' dir='ltr'><strong>Non</strong></span> <span class='ocrx_word' id='word_1_15' title='bbox 227 536 320 597; x_wconf 88' lang='lat' dir='ltr'><strong>merui</strong></span> <span class='ocrx_word' id='word_1_16' title='bbox 335 536 387 594; x_wconf 88' lang='lat' dir='ltr'><strong>tall</strong></span> <span class='ocrx_word' id='word_1_17' title='bbox 402 534 527 595; x_wconf 78' lang='lat' dir='ltr'><strong>forsitan</strong></span> <span class='ocrx_word' id='word_1_18' title='bbox 543 551 615 596; x_wconf 88' lang='lat' dir='ltr'><strong>esse</strong></span> <span class='ocrx_word' id='word_1_19' title='bbox 630 536 710 596; x_wconf 90' lang='lat' dir='ltr'><strong>loco.</strong></span> 
     </span>
     <span class='ocr_line' id='line_1_4' title="bbox 112 619 1040 698; baseline -0.001 -16"><span class='ocrx_word' id='word_1_20' title='bbox 112 621 184 696; x_wconf 77' lang='lat' dir='ltr'><strong>Quid</strong></span> <span class='ocrx_word' id='word_1_21' title='bbox 198 622 303 697; x_wconf 90' lang='lat' dir='ltr'><strong>loquor</strong></span> <span class='ocrx_word' id='word_1_22' title='bbox 317 627 350 679; x_wconf 86' lang='lat' dir='ltr'><strong>et</strong></span> <span class='ocrx_word' id='word_1_23' title='bbox 372 619 518 679; x_wconf 73' lang='lat' dir='ltr'><strong>demensi</strong></span> <span class='ocrx_word' id='word_1_24' title='bbox 539 619 638 695; x_wconf 82' lang='lat' dir='ltr'>ipsam</span> <span class='ocrx_word' id='word_1_25' title='bbox 654 636 778 696; x_wconf 89' lang='lat' dir='ltr'><strong>qnoque</strong></span> <span class='ocrx_word' id='word_1_26' title='bbox 792 619 924 696; x_wconf 77' lang='lat' dir='ltr'><strong>perdere</strong></span> <span class='ocrx_word' id='word_1_27' title='bbox 939 622 1040 698; x_wconf 83' lang='lat' dir='ltr'><strong>uitam,</strong></span> 
     </span>
     <span class='ocr_line' id='line_1_5' title="bbox 149 703 809 778; baseline -0.006 -12"><span class='ocrx_word' id='word_1_28' title='bbox 149 705 282 766; x_wconf 77' lang='lat' dir='ltr'><strong>Caesaris</strong></span> <span class='ocrx_word' id='word_1_29' title='bbox 298 703 419 765; x_wconf 85' lang='lat' dir='ltr'><strong>ollenso</strong></span> <span class='ocrx_word' id='word_1_30' title='bbox 435 704 566 778; x_wconf 86' lang='lat' dir='ltr'><strong>numine,</strong></span> <span class='ocrx_word' id='word_1_31' title='bbox 589 703 700 778; x_wconf 83' lang='lat' dir='ltr'><strong>dignus</strong></span> <span class='ocrx_word' id='word_1_32' title='bbox 716 720 809 764; x_wconf 91' lang='lat' dir='ltr'><strong>eram.</strong></span> 
     </span>
    </p>
   </div>
   <div class='ocr_carea' id='block_1_3' title="bbox 52 835 1039 3388">
    <p class='ocr_par' dir='ltr' id='par_1_3' title="bbox 52 835 1039 3388">
     <span class='ocr_line' id='line_1_6' title="bbox 52 835 848 948; baseline 0.001 -18"><span class='ocrx_word' id='word_1_33' title='bbox 52 839 99 934; x_wconf 77' lang='grc' dir='ltr'><strong>ῙῙ.</strong></span> <span class='ocrx_word' id='word_1_34' title='bbox 116 835 205 940; x_wconf 66' lang='lat' dir='ltr'><strong>Quod</strong></span> <span class='ocrx_word' id='word_1_35' title='bbox 218 877 247 932; x_wconf 88' lang='lat' dir='ltr'><strong>tc</strong></span> <span class='ocrx_word' id='word_1_36' title='bbox 260 871 367 931; x_wconf 90' lang='lat' dir='ltr'><strong>nescio</strong></span> <span class='ocrx_word' id='word_1_37' title='bbox 384 872 453 945; x_wconf 91' lang='lat' dir='ltr'><strong>quis</strong></span> <span class='ocrx_word' id='word_1_38' title='bbox 470 889 525 948; x_wconf 89' lang='lat' dir='ltr'><strong>per</strong></span> <span class='ocrx_word' id='word_1_39' title='bbox 540 872 638 948; x_wconf 80' lang='lat' dir='ltr'><strong>iurgia</strong></span> <span class='ocrx_word' id='word_1_40' title='bbox 652 871 763 932; x_wconf 83' lang='lat' dir='ltr'><strong>dixerit</strong></span> <span class='ocrx_word' id='word_1_41' title='bbox 776 887 848 932; x_wconf 91' lang='lat' dir='ltr'><strong>esse</strong></span> 
     </span>
     <span class='ocr_line' id='line_1_7' title="bbox 143 955 780 1032; baseline 0 -17"><span class='ocrx_word' id='word_1_42' title='bbox 143 955 245 1016; x_wconf 86' lang='lat' dir='ltr'><strong>Exulis</strong></span> <span class='ocrx_word' id='word_1_43' title='bbox 260 971 396 1028; x_wconf 87' lang='lat' dir='ltr'><strong>uxorem,</strong></span> <span class='ocrx_word' id='word_1_44' title='bbox 421 956 516 1016; x_wconf 88' lang='lat' dir='ltr'><strong>littera</strong></span> <span class='ocrx_word' id='word_1_45' title='bbox 533 963 642 1032; x_wconf 85' lang='lat' dir='ltr'><strong>questo</strong></span> <span class='ocrx_word' id='word_1_46' title='bbox 658 963 780 1017; x_wconf 85' lang='lat' dir='ltr'><strong>tuaest.</strong></span> 
     </span>
     <span class='ocr_line' id='line_1_8' title="bbox 110 1039 921 1117; baseline 0.001 -18"><span class='ocrx_word' id='word_1_47' title='bbox 110 1040 232 1101; x_wconf 92' lang='lat' dir='ltr'><strong>lndolui.</strong></span> <span class='ocrx_word' id='word_1_48' title='bbox 263 1055 326 1102; x_wconf 90' lang='lat' dir='ltr'><strong>non</strong></span> <span class='ocrx_word' id='word_1_49' title='bbox 341 1046 401 1099; x_wconf 86' lang='lat' dir='ltr'><strong>tam</strong></span> <span class='ocrx_word' id='word_1_50' title='bbox 416 1056 485 1100; x_wconf 90' lang='lat' dir='ltr'><strong>mea</strong></span> <span class='ocrx_word' id='word_1_51' title='bbox 500 1041 584 1117; x_wconf 93' lang='lat' dir='ltr'><strong>quod</strong></span> <span class='ocrx_word' id='word_1_52' title='bbox 600 1043 721 1102; x_wconf 81' lang='lat' dir='ltr'><strong>fortuna</strong></span> <span class='ocrx_word' id='word_1_53' title='bbox 735 1039 815 1100; x_wconf 86' lang='lat' dir='ltr'><strong>male</strong></span> <span class='ocrx_word' id='word_1_54' title='bbox 829 1040 921 1116; x_wconf 89' lang='lat' dir='ltr'><strong>audit,</strong></span> 
     </span>
     <span class='ocr_line' id='line_1_9' title="bbox 146 1123 779 1199; baseline 0 -17"><span class='ocrx_word' id='word_1_55' title='bbox 146 1123 202 1199; x_wconf 82' lang='lat' dir='ltr'><strong>Qui</strong></span> <span class='ocrx_word' id='word_1_56' title='bbox 215 1124 271 1184; x_wconf 89' lang='lat' dir='ltr'><strong>inm</strong></span> <span class='ocrx_word' id='word_1_57' title='bbox 287 1125 436 1185; x_wconf 81' lang='lat' dir='ltr'><strong>consuevi</strong></span> <span class='ocrx_word' id='word_1_58' title='bbox 452 1126 569 1186; x_wconf 80' lang='lat' dir='ltr'><strong>fortiter</strong></span> <span class='ocrx_word' id='word_1_59' title='bbox 584 1142 655 1187; x_wconf 88' lang='lat' dir='ltr'><strong>esso</strong></span> <span class='ocrx_word' id='word_1_60' title='bbox 672 1126 779 1186; x_wconf 70' lang='lat' dir='ltr'><strong>misera</strong></span> 
     </span>
     <span class='ocr_line' id='line_1_10' title="bbox 88 1208 988 1286; baseline 0 -16"><span class='ocrx_word' id='word_1_61' title='bbox 88 1209 202 1284; x_wconf 70' lang='lat' dir='ltr'><strong>nouem</strong></span> <span class='ocrx_word' id='word_1_62' title='bbox 216 1208 296 1284; x_wconf 93' lang='lat' dir='ltr'><strong>quod</strong></span> <span class='ocrx_word' id='word_1_63' title='bbox 313 1210 363 1270; x_wconf 90' lang='lat' dir='ltr'><strong>cui</strong></span> <span class='ocrx_word' id='word_1_64' title='bbox 378 1208 500 1269; x_wconf 90' lang='lat' dir='ltr'><strong>minime</strong></span> <span class='ocrx_word' id='word_1_65' title='bbox 516 1211 635 1284; x_wconf 87' lang='lat' dir='ltr'><strong>vellem,</strong></span> <span class='ocrx_word' id='word_1_66' title='bbox 658 1227 726 1271; x_wconf 91' lang='lat' dir='ltr'><strong>surn</strong></span> <span class='ocrx_word' id='word_1_67' title='bbox 743 1224 837 1270; x_wconf 86' lang='lat' dir='ltr'><strong>cause</strong></span> <span class='ocrx_word' id='word_1_68' title='bbox 851 1208 988 1286; x_wconf 91' lang='lat' dir='ltr'><strong>pudoris,</strong></span> 
     </span>
     <span class='ocr_line' id='line_1_11' title="bbox 146 1293 752 1368; baseline -0.003 -15"><span class='ocrx_word' id='word_1_69' title='bbox 146 1295 248 1368; x_wconf 82' lang='lat' dir='ltr'><strong>Teque</strong></span> <span class='ocrx_word' id='word_1_70' title='bbox 262 1309 334 1354; x_wconf 88' lang='lat' dir='ltr'><strong>reor</strong></span> <span class='ocrx_word' id='word_1_71' title='bbox 348 1294 462 1354; x_wconf 89' lang='lat' dir='ltr'><strong>nostris</strong></span> <span class='ocrx_word' id='word_1_72' title='bbox 478 1293 639 1356; x_wconf 88' lang='lat' dir='ltr'><strong>erubuisse</strong></span> <span class='ocrx_word' id='word_1_73' title='bbox 655 1294 752 1355; x_wconf 90' lang='lat' dir='ltr'><strong>malis.</strong></span> 
     </span>
     <span class='ocr_line' id='line_1_12' title="bbox 111 1376 788 1454; baseline 0 -18"><span class='ocrx_word' id='word_1_74' title='bbox 111 1377 207 1438; x_wconf 79' lang='lat' dir='ltr'><strong>Perfer</strong></span> <span class='ocrx_word' id='word_1_75' title='bbox 220 1385 250 1438; x_wconf 90' lang='lat' dir='ltr'><strong>et</strong></span> <span class='ocrx_word' id='word_1_76' title='bbox 263 1376 397 1437; x_wconf 88' lang='lat' dir='ltr'><strong>obdurat</strong></span> <span class='ocrx_word' id='word_1_77' title='bbox 420 1379 512 1439; x_wconf 90' lang='lat' dir='ltr'><strong>multo</strong></span> <span class='ocrx_word' id='word_1_78' title='bbox 528 1379 671 1454; x_wconf 79' lang='lat' dir='ltr'><strong>graviora</strong></span> <span class='ocrx_word' id='word_1_79' title='bbox 686 1378 788 1452; x_wconf 87' lang='lat' dir='ltr'><strong>tulisti,</strong></span> 
     </span>
     <span class='ocr_line' id='line_1_13' title="bbox 145 1461 706 1538; baseline 0 -18"><span class='ocrx_word' id='word_1_80' title='bbox 145 1461 259 1538; x_wconf 86' lang='lat' dir='ltr'><strong>Eripuit</strong></span> <span class='ocrx_word' id='word_1_81' title='bbox 274 1476 343 1522; x_wconf 92' lang='lat' dir='ltr'><strong>cum</strong></span> <span class='ocrx_word' id='word_1_82' title='bbox 358 1477 407 1522; x_wconf 92' lang='lat' dir='ltr'><strong>me</strong></span> <span class='ocrx_word' id='word_1_83' title='bbox 422 1463 568 1538; x_wconf 90' lang='lat' dir='ltr'><strong>principis</strong></span> <span class='ocrx_word' id='word_1_84' title='bbox 585 1465 629 1523; x_wconf 91' lang='lat' dir='ltr'><strong>ira</strong></span> <span class='ocrx_word' id='word_1_85' title='bbox 644 1462 706 1524; x_wconf 86' lang='lat' dir='ltr'><strong>tibi.</strong></span> 
     </span>
     <span class='ocr_line' id='line_1_14' title="bbox 110 1545 873 1621; baseline -0.001 -17"><span class='ocrx_word' id='word_1_86' title='bbox 110 1545 225 1606; x_wconf 85' lang='lat' dir='ltr'><strong>Fallitur</strong></span> <span class='ocrx_word' id='word_1_87' title='bbox 238 1547 296 1606; x_wconf 90' lang='lat' dir='ltr'><strong>iste</strong></span> <span class='ocrx_word' id='word_1_88' title='bbox 311 1552 421 1620; x_wconf 89' lang='lat' dir='ltr'><strong>tamen,</strong></span> <span class='ocrx_word' id='word_1_89' title='bbox 442 1563 504 1621; x_wconf 92' lang='lat' dir='ltr'><strong>quo</strong></span> <span class='ocrx_word' id='word_1_90' title='bbox 514 1547 620 1608; x_wconf 86' lang='lat' dir='ltr'><strong>iudice</strong></span> <span class='ocrx_word' id='word_1_91' title='bbox 635 1545 775 1607; x_wconf 88' lang='lat' dir='ltr'><strong>nominor</strong></span> <span class='ocrx_word' id='word_1_92' title='bbox 789 1547 873 1606; x_wconf 86' lang='lat' dir='ltr'><strong>exul:</strong></span> 
     </span>
     <span class='ocr_line' id='line_1_15' title="bbox 79 1630 824 1708; baseline 0.001 -21"><span class='ocrx_word' id='word_1_93' title='bbox 79 1638 105 1690; x_wconf 79' lang='grc' dir='ltr'><strong>ιο</strong></span> <span class='ocrx_word' id='word_1_94' title='bbox 149 1630 267 1690; x_wconf 88' lang='lat' dir='ltr'><strong>Mollior</strong></span> <span class='ocrx_word' id='word_1_95' title='bbox 280 1638 330 1691; x_wconf 90' lang='lat' dir='ltr'><strong>est</strong></span> <span class='ocrx_word' id='word_1_96' title='bbox 343 1631 463 1705; x_wconf 86' lang='lat' dir='ltr'><strong>culpam</strong></span> <span class='ocrx_word' id='word_1_97' title='bbox 478 1647 581 1708; x_wconf 87' lang='lat' dir='ltr'><strong>poena</strong></span> <span class='ocrx_word' id='word_1_98' title='bbox 596 1639 701 1692; x_wconf 91' lang='lat' dir='ltr'><strong>secuta</strong></span> <span class='ocrx_word' id='word_1_99' title='bbox 716 1646 824 1690; x_wconf 92' lang='lat' dir='ltr'><strong>meam.</strong></span> 
     </span>
     <span class='ocr_line' id='line_1_16' title="bbox 110 1711 1010 1790; baseline -0.004 -17"><span class='ocrx_word' id='word_1_100' title='bbox 110 1713 234 1774; x_wconf 85' lang='lat' dir='ltr'><strong>llaxima</strong></span> <span class='ocrx_word' id='word_1_101' title='bbox 250 1730 353 1790; x_wconf 88' lang='lat' dir='ltr'><strong>poena</strong></span> <span class='ocrx_word' id='word_1_102' title='bbox 366 1715 438 1774; x_wconf 87' lang='lat' dir='ltr'><strong>milri</strong></span> <span class='ocrx_word' id='word_1_103' title='bbox 453 1722 508 1789; x_wconf 66' lang='lat' dir='ltr'><strong>est„</strong></span> <span class='ocrx_word' id='word_1_104' title='bbox 530 1716 632 1790; x_wconf 89' lang='lat' dir='ltr'><strong>lpsum</strong></span> <span class='ocrx_word' id='word_1_105' title='bbox 649 1713 828 1774; x_wconf 81' lang='lat' dir='ltr'><strong>offendisse.</strong></span> <span class='ocrx_word' id='word_1_106' title='bbox 862 1711 1010 1788; x_wconf 85' lang='lat' dir='ltr'><strong>priusque</strong></span> 
     </span>
     <span class='ocr_line' id='line_1_17' title="bbox 144 1797 742 1860; baseline -0.002 -3"><span class='ocrx_word' id='word_1_107' title='bbox 144 1799 288 1860; x_wconf 88' lang='lat' dir='ltr'><strong>Venisset</strong></span> <span class='ocrx_word' id='word_1_108' title='bbox 302 1799 421 1858; x_wconf 88' lang='lat' dir='ltr'><strong>mallem</strong></span> <span class='ocrx_word' id='word_1_109' title='bbox 438 1800 553 1860; x_wconf 80' lang='lat' dir='ltr'><strong>funeris</strong></span> <span class='ocrx_word' id='word_1_110' title='bbox 569 1799 646 1858; x_wconf 85' lang='lat' dir='ltr'><strong>lrora</strong></span> <span class='ocrx_word' id='word_1_111' title='bbox 661 1797 742 1857; x_wconf 86' lang='lat' dir='ltr'><strong>milri.</strong></span> 
     </span>
     <span class='ocr_line' id='line_1_18' title="bbox 110 1878 1039 1957; baseline -0.01 -14"><span class='ocrx_word' id='word_1_112' title='bbox 110 1883 222 1956; x_wconf 77' lang='lat' dir='ltr'><strong>Ouessa</strong></span> <span class='ocrx_word' id='word_1_113' title='bbox 233 1891 333 1943; x_wconf 88' lang='lat' dir='ltr'><strong>tamen</strong></span> <span class='ocrx_word' id='word_1_114' title='bbox 345 1891 451 1943; x_wconf 86' lang='lat' dir='ltr'><strong>nostru</strong></span> <span class='ocrx_word' id='word_1_115' title='bbox 464 1891 519 1957; x_wconf 86' lang='lat' dir='ltr'><strong>est,</strong></span> <span class='ocrx_word' id='word_1_116' title='bbox 535 1899 596 1943; x_wconf 91' lang='lat' dir='ltr'><strong>non</strong></span> <span class='ocrx_word' id='word_1_117' title='bbox 609 1883 704 1943; x_wconf 84' lang='lat' dir='ltr'><strong>tractu</strong></span> <span class='ocrx_word' id='word_1_118' title='bbox 717 1895 773 1942; x_wconf 91' lang='lat' dir='ltr'><strong>nec</strong></span> <span class='ocrx_word' id='word_1_119' title='bbox 787 1878 896 1940; x_wconf 85' lang='lat' dir='ltr'><strong>obruta</strong></span> <span class='ocrx_word' id='word_1_120' title='bbox 909 1878 1039 1956; x_wconf 71' lang='lat' dir='ltr'><strong>puppisr</strong></span> 
     </span>
     <span class='ocr_line' id='line_1_19' title="bbox 144 1964 854 2042; baseline -0.006 -14"><span class='ocrx_word' id='word_1_121' title='bbox 144 1967 243 2042; x_wconf 89' lang='lat' dir='ltr'><strong>thue</strong></span> <span class='ocrx_word' id='word_1_122' title='bbox 259 1975 342 2028; x_wconf 85' lang='lat' dir='ltr'><strong>caret</strong></span> <span class='ocrx_word' id='word_1_123' title='bbox 356 1975 456 2042; x_wconf 87' lang='lat' dir='ltr'><strong>portu,</strong></span> <span class='ocrx_word' id='word_1_124' title='bbox 480 1968 525 2028; x_wconf 90' lang='lat' dir='ltr'><strong>sic</strong></span> <span class='ocrx_word' id='word_1_125' title='bbox 540 1973 640 2028; x_wconf 88' lang='lat' dir='ltr'><strong>tamen</strong></span> <span class='ocrx_word' id='word_1_126' title='bbox 656 1975 739 2028; x_wconf 87' lang='lat' dir='ltr'><strong>extat</strong></span> <span class='ocrx_word' id='word_1_127' title='bbox 753 1964 854 2040; x_wconf 83' lang='lat' dir='ltr'><strong>aquis.</strong></span> 
     </span>
     <span class='ocr_line' id='line_1_20' title="bbox 77 2047 923 2126; baseline 0 -19"><span class='ocrx_word' id='word_1_128' title='bbox 77 2050 167 2111; x_wconf 82' lang='lat' dir='ltr'><strong>15Nec</strong></span> <span class='ocrx_word' id='word_1_129' title='bbox 181 2053 283 2124; x_wconf 87' lang='lat' dir='ltr'><strong>vitam,</strong></span> <span class='ocrx_word' id='word_1_130' title='bbox 306 2066 363 2111; x_wconf 89' lang='lat' dir='ltr'><strong>nec</strong></span> <span class='ocrx_word' id='word_1_131' title='bbox 378 2067 465 2126; x_wconf 88' lang='lat' dir='ltr'><strong>opes,</strong></span> <span class='ocrx_word' id='word_1_132' title='bbox 488 2067 545 2111; x_wconf 89' lang='lat' dir='ltr'><strong>nee</strong></span> <span class='ocrx_word' id='word_1_133' title='bbox 560 2051 608 2112; x_wconf 88' lang='lat' dir='ltr'><strong>ius</strong></span> <span class='ocrx_word' id='word_1_134' title='bbox 624 2051 696 2112; x_wconf 89' lang='lat' dir='ltr'><strong>mihi</strong></span> <span class='ocrx_word' id='word_1_135' title='bbox 712 2050 788 2111; x_wconf 87' lang='lat' dir='ltr'><strong>civis</strong></span> <span class='ocrx_word' id='word_1_136' title='bbox 803 2047 923 2122; x_wconf 87' lang='lat' dir='ltr'><strong>ademit,</strong></span> 
     </span>
     <span class='ocr_line' id='line_1_21' title="bbox 143 2135 786 2212; baseline -0.003 -16"><span class='ocrx_word' id='word_1_137' title='bbox 143 2135 225 2210; x_wconf 81' lang='lat' dir='ltr'><strong>Quae</strong></span> <span class='ocrx_word' id='word_1_138' title='bbox 239 2136 334 2195; x_wconf 91' lang='lat' dir='ltr'><strong>merui</strong></span> <span class='ocrx_word' id='word_1_139' title='bbox 349 2135 423 2194; x_wconf 88' lang='lat' dir='ltr'><strong>vitio</strong></span> <span class='ocrx_word' id='word_1_140' title='bbox 436 2135 569 2212; x_wconf 80' lang='lat' dir='ltr'><strong>perdere</strong></span> <span class='ocrx_word' id='word_1_141' title='bbox 584 2144 692 2196; x_wconf 84' lang='lat' dir='ltr'><strong>cuncta</strong></span> <span class='ocrx_word' id='word_1_142' title='bbox 708 2152 786 2196; x_wconf 91' lang='lat' dir='ltr'><strong>meo.</strong></span> 
     </span>
     <span class='ocr_line' id='line_1_22' title="bbox 108 2217 787 2297; baseline 0 -18"><span class='ocrx_word' id='word_1_143' title='bbox 108 2217 165 2279; x_wconf 89' lang='lat' dir='ltr'><strong>Sed</strong></span> <span class='ocrx_word' id='word_1_144' title='bbox 179 2221 252 2294; x_wconf 92' lang='lat' dir='ltr'><strong>quia</strong></span> <span class='ocrx_word' id='word_1_145' title='bbox 268 2226 396 2297; x_wconf 90' lang='lat' dir='ltr'><strong>peccato</strong></span> <span class='ocrx_word' id='word_1_146' title='bbox 413 2219 532 2281; x_wconf 87' lang='lat' dir='ltr'><strong>lacinus</strong></span> <span class='ocrx_word' id='word_1_147' title='bbox 547 2236 607 2280; x_wconf 92' lang='lat' dir='ltr'><strong>non</strong></span> <span class='ocrx_word' id='word_1_148' title='bbox 625 2221 722 2282; x_wconf 87' lang='lat' dir='ltr'><strong>adluit</strong></span> <span class='ocrx_word' id='word_1_149' title='bbox 736 2220 787 2294; x_wconf 89' lang='lat' dir='ltr'><strong>illi,</strong></span> 
     </span>
     <span class='ocr_line' id='line_1_23' title="bbox 141 2302 779 2383; baseline 0.002 -21"><span class='ocrx_word' id='word_1_150' title='bbox 141 2302 187 2362; x_wconf 87' lang='lat' dir='ltr'><strong>Nil</strong></span> <span class='ocrx_word' id='word_1_151' title='bbox 202 2304 260 2363; x_wconf 90' lang='lat' dir='ltr'><strong>nisi</strong></span> <span class='ocrx_word' id='word_1_152' title='bbox 275 2320 323 2365; x_wconf 89' lang='lat' dir='ltr'><strong>me</strong></span> <span class='ocrx_word' id='word_1_153' title='bbox 339 2303 445 2379; x_wconf 86' lang='lat' dir='ltr'><strong>patriis</strong></span> <span class='ocrx_word' id='word_1_154' title='bbox 461 2304 550 2365; x_wconf 87' lang='lat' dir='ltr'><strong>iussit</strong></span> <span class='ocrx_word' id='word_1_155' title='bbox 564 2303 675 2383; x_wconf 88' lang='lat' dir='ltr'><strong>abesse</strong></span> <span class='ocrx_word' id='word_1_156' title='bbox 691 2306 779 2367; x_wconf 85' lang='lat' dir='ltr'><strong>locis.</strong></span> 
     </span>
     <span class='ocr_line' id='line_1_24' title="bbox 106 2385 1005 2463; baseline -0.003 -17"><span class='ocrx_word' id='word_1_157' title='bbox 106 2385 202 2462; x_wconf 88' lang='lat' dir='ltr'><strong>thue</strong></span> <span class='ocrx_word' id='word_1_158' title='bbox 216 2387 293 2462; x_wconf 91' lang='lat' dir='ltr'><strong>aliis,</strong></span> <span class='ocrx_word' id='word_1_159' title='bbox 318 2403 475 2448; x_wconf 84' lang='lat' dir='ltr'><strong>nanterum</strong></span> <span class='ocrx_word' id='word_1_160' title='bbox 491 2404 621 2462; x_wconf 91' lang='lat' dir='ltr'><strong>quorum</strong></span> <span class='ocrx_word' id='word_1_161' title='bbox 636 2385 858 2463; x_wconf 85' lang='lat' dir='ltr'><strong>comprendere</strong></span> <span class='ocrx_word' id='word_1_162' title='bbox 872 2399 933 2445; x_wconf 89' lang='lat' dir='ltr'><strong>non</strong></span> <span class='ocrx_word' id='word_1_163' title='bbox 949 2391 1005 2459; x_wconf 83' lang='lat' dir='ltr'><strong>est,</strong></span> 
     </span>
     <span class='ocr_line' id='line_1_25' title="bbox 72 2471 770 2533; baseline 0.007 -8"><span class='ocrx_word' id='word_1_164' title='bbox 72 2475 100 2527; x_wconf 79' lang='lat' dir='ltr'><strong>lo</strong></span> <span class='ocrx_word' id='word_1_165' title='bbox 146 2471 329 2533; x_wconf 84' lang='lat' dir='ltr'><strong>caesareum</strong></span> <span class='ocrx_word' id='word_1_166' title='bbox 345 2487 455 2532; x_wconf 91' lang='lat' dir='ltr'><strong>numen</strong></span> <span class='ocrx_word' id='word_1_167' title='bbox 471 2472 517 2532; x_wconf 90' lang='lat' dir='ltr'><strong>sic</strong></span> <span class='ocrx_word' id='word_1_168' title='bbox 530 2471 604 2531; x_wconf 89' lang='lat' dir='ltr'><strong>milri</strong></span> <span class='ocrx_word' id='word_1_169' title='bbox 619 2472 691 2531; x_wconf 92' lang='lat' dir='ltr'><strong>mite</strong></span> <span class='ocrx_word' id='word_1_170' title='bbox 707 2471 770 2530; x_wconf 86' lang='lat' dir='ltr'><strong>luit.</strong></span> 
     </span>
     <span class='ocr_line' id='line_1_26' title="bbox 103 2553 742 2631; baseline 0.002 -18"><span class='ocrx_word' id='word_1_171' title='bbox 103 2553 173 2630; x_wconf 93' lang='lat' dir='ltr'><strong>lpse</strong></span> <span class='ocrx_word' id='word_1_172' title='bbox 187 2557 322 2631; x_wconf 79' lang='lat' dir='ltr'><strong>relegati,</strong></span> <span class='ocrx_word' id='word_1_173' title='bbox 345 2571 406 2615; x_wconf 88' lang='lat' dir='ltr'><strong>noo</strong></span> <span class='ocrx_word' id='word_1_174' title='bbox 422 2556 520 2616; x_wconf 85' lang='lat' dir='ltr'><strong>exulis</strong></span> <span class='ocrx_word' id='word_1_175' title='bbox 536 2556 628 2616; x_wconf 88' lang='lat' dir='ltr'><strong>utitur</strong></span> <span class='ocrx_word' id='word_1_176' title='bbox 644 2555 674 2616; x_wconf 88' lang='lat' dir='ltr'><strong>io</strong></span> <span class='ocrx_word' id='word_1_177' title='bbox 693 2571 742 2616; x_wconf 90' lang='lat' dir='ltr'><strong>me</strong></span> 
     </span>
     <span class='ocr_line' id='line_1_27' title="bbox 140 2638 826 2701; baseline -0.004 -3"><span class='ocrx_word' id='word_1_178' title='bbox 140 2638 278 2700; x_wconf 85' lang='lat' dir='ltr'><strong>Nomine.</strong></span> <span class='ocrx_word' id='word_1_179' title='bbox 314 2647 376 2700; x_wconf 87' lang='lat' dir='ltr'><strong>tuta</strong></span> <span class='ocrx_word' id='word_1_180' title='bbox 392 2655 449 2700; x_wconf 90' lang='lat' dir='ltr'><strong>suc</strong></span> <span class='ocrx_word' id='word_1_181' title='bbox 465 2639 565 2700; x_wconf 90' lang='lat' dir='ltr'><strong>iudice</strong></span> <span class='ocrx_word' id='word_1_182' title='bbox 580 2655 673 2701; x_wconf 87' lang='lat' dir='ltr'><strong>causa</strong></span> <span class='ocrx_word' id='word_1_183' title='bbox 689 2655 757 2700; x_wconf 88' lang='lat' dir='ltr'><strong>mea</strong></span> <span class='ocrx_word' id='word_1_184' title='bbox 770 2645 826 2698; x_wconf 89' lang='lat' dir='ltr'><strong>est.</strong></span> 
     </span>
     <span class='ocr_line' id='line_1_28' title="bbox 102 2721 929 2801; baseline -0.001 -20"><span class='ocrx_word' id='word_1_185' title='bbox 102 2721 168 2782; x_wconf 89' lang='lat' dir='ltr'><strong>lure</strong></span> <span class='ocrx_word' id='word_1_186' title='bbox 183 2725 273 2799; x_wconf 78' lang='lat' dir='ltr'><strong>igitur</strong></span> <span class='ocrx_word' id='word_1_187' title='bbox 288 2725 407 2798; x_wconf 89' lang='lat' dir='ltr'><strong>laudes,</strong></span> <span class='ocrx_word' id='word_1_188' title='bbox 430 2724 552 2799; x_wconf 85' lang='lat' dir='ltr'><strong>Caesar,</strong></span> <span class='ocrx_word' id='word_1_189' title='bbox 575 2741 630 2800; x_wconf 91' lang='lat' dir='ltr'><strong>pro</strong></span> <span class='ocrx_word' id='word_1_190' title='bbox 647 2733 733 2801; x_wconf 91' lang='lat' dir='ltr'><strong>parte</strong></span> <span class='ocrx_word' id='word_1_191' title='bbox 747 2723 827 2782; x_wconf 87' lang='lat' dir='ltr'><strong>virili</strong></span> <span class='ocrx_word' id='word_1_192' title='bbox 922 2782 929 2796; x_wconf 56' lang='grc'>,</span> 
     </span>
     <span class='ocr_line' id='line_1_29' title="bbox 142 2807 875 2885; baseline -0.005 -17"><span class='ocrx_word' id='word_1_193' title='bbox 142 2807 282 2869; x_wconf 85' lang='lat' dir='ltr'><strong>Carmina</strong></span> <span class='ocrx_word' id='word_1_194' title='bbox 296 2817 402 2868; x_wconf 87' lang='lat' dir='ltr'><strong>nostra</strong></span> <span class='ocrx_word' id='word_1_195' title='bbox 417 2815 484 2868; x_wconf 90' lang='lat' dir='ltr'><strong>tuas</strong></span> <span class='ocrx_word' id='word_1_196' title='bbox 501 2809 735 2885; x_wconf 81' lang='lat' dir='ltr'><strong>qualiacumque</strong></span> <span class='ocrx_word' id='word_1_197' title='bbox 751 2813 875 2867; x_wconf 82' lang='lat' dir='ltr'><strong>canunt:</strong></span> 
     </span>
     <span class='ocr_line' id='line_1_30' title="bbox 67 2890 892 2966; baseline -0.002 -14"><span class='ocrx_word' id='word_1_198' title='bbox 67 2900 93 2952; x_wconf 75' lang='lat' dir='ltr'><strong>la</strong></span> <span class='ocrx_word' id='word_1_199' title='bbox 103 2890 171 2951; x_wconf 88' lang='lat' dir='ltr'><strong>Iuro</strong></span> <span class='ocrx_word' id='word_1_200' title='bbox 186 2892 274 2966; x_wconf 85' lang='lat' dir='ltr'><strong>deos,</strong></span> <span class='ocrx_word' id='word_1_201' title='bbox 298 2901 331 2953; x_wconf 82' lang='lat' dir='ltr'><strong>ut</strong></span> <span class='ocrx_word' id='word_1_202' title='bbox 345 2893 446 2952; x_wconf 83' lang='lat' dir='ltr'><strong>adliuc</strong></span> <span class='ocrx_word' id='word_1_203' title='bbox 461 2893 538 2953; x_wconf 87' lang='lat' dir='ltr'><strong>caeli</strong></span> <span class='ocrx_word' id='word_1_204' title='bbox 553 2891 606 2952; x_wconf 87' lang='lat' dir='ltr'><strong>tibi</strong></span> <span class='ocrx_word' id='word_1_205' title='bbox 623 2893 725 2953; x_wconf 91' lang='lat' dir='ltr'><strong>limina</strong></span> <span class='ocrx_word' id='word_1_206' title='bbox 741 2892 892 2963; x_wconf 87' lang='lat' dir='ltr'><strong>claudant,</strong></span> 
     </span>
     <span class='ocr_line' id='line_1_31' title="bbox 138 2975 940 3054; baseline -0.002 -21"><span class='ocrx_word' id='word_1_207' title='bbox 138 2975 244 3050; x_wconf 88' lang='lat' dir='ltr'><strong>Teque</strong></span> <span class='ocrx_word' id='word_1_208' title='bbox 258 2977 352 3037; x_wconf 90' lang='lat' dir='ltr'><strong>velint</strong></span> <span class='ocrx_word' id='word_1_209' title='bbox 367 2978 492 3049; x_wconf 78' lang='lat' dir='ltr'><strong>siesse,</strong></span> <span class='ocrx_word' id='word_1_210' title='bbox 514 2992 703 3054; x_wconf 88' lang='lat' dir='ltr'><strong>comprecor,</strong></span> <span class='ocrx_word' id='word_1_211' title='bbox 726 2991 799 3036; x_wconf 92' lang='lat' dir='ltr'><strong>esse</strong></span> <span class='ocrx_word' id='word_1_212' title='bbox 813 2975 914 3036; x_wconf 90' lang='lat' dir='ltr'><strong>deum.</strong></span> <span class='ocrx_word' id='word_1_213' title='bbox 937 3026 940 3031; x_wconf 88' lang='lat'><em>.</em></span> 
     </span>
     <span class='ocr_line' id='line_1_32' title="bbox 99 3057 1013 3137; baseline -0.002 -19"><span class='ocrx_word' id='word_1_214' title='bbox 99 3057 191 3134; x_wconf 88' lang='lat' dir='ltr'><strong>Optat</strong></span> <span class='ocrx_word' id='word_1_215' title='bbox 206 3059 286 3121; x_wconf 90' lang='lat' dir='ltr'><strong>idem</strong></span> <span class='ocrx_word' id='word_1_216' title='bbox 303 3061 446 3137; x_wconf 90' lang='lat' dir='ltr'><strong>populus.</strong></span> <span class='ocrx_word' id='word_1_217' title='bbox 480 3061 537 3121; x_wconf 89' lang='lat' dir='ltr'><strong>sed</strong></span> <span class='ocrx_word' id='word_1_218' title='bbox 552 3061 628 3121; x_wconf 93' lang='lat' dir='ltr'><strong>utin</strong></span> <span class='ocrx_word' id='word_1_219' title='bbox 644 3076 727 3120; x_wconf 86' lang='lat' dir='ltr'><strong>mare</strong></span> <span class='ocrx_word' id='word_1_220' title='bbox 743 3059 869 3120; x_wconf 89' lang='lat' dir='ltr'><strong>ilumina</strong></span> <span class='ocrx_word' id='word_1_221' title='bbox 881 3065 1013 3131; x_wconf 85' lang='lat' dir='ltr'><strong>uastum,</strong></span> 
     </span>
     <span class='ocr_line' id='line_1_33' title="bbox 140 3141 793 3222; baseline 0.002 -20"><span class='ocrx_word' id='word_1_222' title='bbox 140 3141 193 3204; x_wconf 90' lang='lat' dir='ltr'><strong>Sic</strong></span> <span class='ocrx_word' id='word_1_223' title='bbox 207 3145 286 3206; x_wconf 90' lang='lat' dir='ltr'><strong>solet</strong></span> <span class='ocrx_word' id='word_1_224' title='bbox 301 3146 431 3222; x_wconf 80' lang='lat' dir='ltr'><strong>exiguae</strong></span> <span class='ocrx_word' id='word_1_225' title='bbox 447 3159 569 3205; x_wconf 89' lang='lat' dir='ltr'><strong>currere</strong></span> <span class='ocrx_word' id='word_1_226' title='bbox 582 3145 667 3206; x_wconf 90' lang='lat' dir='ltr'><strong>rivus</strong></span> <span class='ocrx_word' id='word_1_227' title='bbox 682 3160 793 3220; x_wconf 86' lang='lat' dir='ltr'><strong>aquae.</strong></span> 
     </span>
     <span class='ocr_line' id='line_1_34' title="bbox 96 3227 804 3304; baseline 0.003 -18"><span class='ocrx_word' id='word_1_228' title='bbox 96 3227 139 3287; x_wconf 86' lang='lat' dir='ltr'><strong>At</strong></span> <span class='ocrx_word' id='word_1_229' title='bbox 153 3233 185 3286; x_wconf 92' lang='lat' dir='ltr'><strong>tu</strong></span> <span class='ocrx_word' id='word_1_230' title='bbox 200 3229 363 3304; x_wconf 76' lang='lat' dir='ltr'><strong>ronanam,</strong></span> <span class='ocrx_word' id='word_1_231' title='bbox 387 3228 474 3289; x_wconf 89' lang='lat' dir='ltr'><strong>cuius</strong></span> <span class='ocrx_word' id='word_1_232' title='bbox 489 3244 587 3289; x_wconf 88' lang='lat' dir='ltr'><strong>vocor</strong></span> <span class='ocrx_word' id='word_1_233' title='bbox 601 3230 672 3289; x_wconf 90' lang='lat' dir='ltr'><strong>exul</strong></span> <span class='ocrx_word' id='word_1_234' title='bbox 687 3228 726 3288; x_wconf 87' lang='lat' dir='ltr'><strong>ab</strong></span> <span class='ocrx_word' id='word_1_235' title='bbox 741 3243 804 3303; x_wconf 87' lang='lat' dir='ltr'><strong>ore,</strong></span> 
     </span>
     <span class='ocr_line' id='line_1_35' title="bbox 62 3311 808 3388; baseline 0.004 -20"><span class='ocrx_word' id='word_1_236' title='bbox 62 3316 89 3368; x_wconf 77' lang='lat'><strong>30</strong></span> <span class='ocrx_word' id='word_1_237' title='bbox 140 3311 270 3374; x_wconf 86' lang='lat' dir='ltr'><strong>Nomine</strong></span> <span class='ocrx_word' id='word_1_238' title='bbox 284 3314 426 3375; x_wconf 87' lang='lat' dir='ltr'><strong>mendaci</strong></span> <span class='ocrx_word' id='word_1_239' title='bbox 441 3327 535 3388; x_wconf 90' lang='lat' dir='ltr'><strong>parce</strong></span> <span class='ocrx_word' id='word_1_240' title='bbox 549 3327 679 3388; x_wconf 80' lang='lat' dir='ltr'><strong>gravare</strong></span> <span class='ocrx_word' id='word_1_241' title='bbox 694 3319 808 3373; x_wconf 80' lang='lat' dir='ltr'><strong>meanti</strong></span> 
     </span>
    </p>
   </div>
   <div class='ocr_carea' id='block_1_4' title="bbox 563 3425 630 3433">
    <p class='ocr_par' dir='ltr' id='par_1_4' title="bbox 563 3425 630 3433">
     <span class='ocr_line' id='line_1_36' title="bbox 563 3425 630 3433; baseline 0.015 -2"><span class='ocrx_word' id='word_1_242' title='bbox 563 3425 630 3433; x_wconf 72' lang='lat' dir='ltr'><strong>——n—</strong></span> 
     </span>
    </p>
   </div>
   <div class='ocr_carea' id='block_1_5' title="bbox 34 3439 919 3641">
    <p class='ocr_par' dir='ltr' id='par_1_5' title="bbox 34 3439 919 3641">
     <span class='ocr_line' id='line_1_37' title="bbox 34 3439 919 3554; baseline 0.007 -23"><span class='ocrx_word' id='word_1_243' title='bbox 34 3441 84 3534; x_wconf 74' lang='lat'><strong>¹2·</strong></span> <span class='ocrx_word' id='word_1_244' title='bbox 97 3439 232 3552; x_wconf 77' lang='lat' dir='ltr'><strong>Scribis,</strong></span> <span class='ocrx_word' id='word_1_245' title='bbox 253 3488 287 3541; x_wconf 86' lang='lat' dir='ltr'><strong>ut</strong></span> <span class='ocrx_word' id='word_1_246' title='bbox 302 3477 450 3541; x_wconf 87' lang='lat' dir='ltr'><strong>oblectem</strong></span> <span class='ocrx_word' id='word_1_247' title='bbox 467 3481 569 3542; x_wconf 89' lang='lat' dir='ltr'><strong>studio</strong></span> <span class='ocrx_word' id='word_1_248' title='bbox 585 3479 771 3541; x_wconf 86' lang='lat' dir='ltr'><strong>lacrimabile</strong></span> <span class='ocrx_word' id='word_1_249' title='bbox 785 3486 919 3554; x_wconf 85' lang='lat' dir='ltr'><strong>tempus,</strong></span> 
     </span>
     <span class='ocr_line' id='line_1_38' title="bbox 134 3561 760 3641; baseline -0.002 -20"><span class='ocrx_word' id='word_1_250' title='bbox 134 3561 181 3623; x_wconf 88' lang='lat' dir='ltr'><strong>Ne</strong></span> <span class='ocrx_word' id='word_1_251' title='bbox 195 3571 323 3639; x_wconf 87' lang='lat' dir='ltr'><strong>percant</strong></span> <span class='ocrx_word' id='word_1_252' title='bbox 337 3565 415 3641; x_wconf 90' lang='lat' dir='ltr'><strong>turpi</strong></span> <span class='ocrx_word' id='word_1_253' title='bbox 431 3573 557 3641; x_wconf 88' lang='lat' dir='ltr'><strong>pectora</strong></span> <span class='ocrx_word' id='word_1_254' title='bbox 571 3573 676 3626; x_wconf 90' lang='lat' dir='ltr'><strong>nostra</strong></span> <span class='ocrx_word' id='word_1_255' title='bbox 691 3564 760 3624; x_wconf 93' lang='lat' dir='ltr'><strong>situ.</strong></span> 
     </span>
    </p>
   </div>
   <div class='ocr_carea' id='block_1_6' title="bbox 0 0 1202 3940">
    <p class='ocr_par' dir='ltr' id='par_1_6' title="bbox 0 0 1202 3940">
     <span class='ocr_line' id='line_1_39' title="bbox 0 0 1202 3940; baseline 0 0"><span class='ocrx_word' id='word_1_256' title='bbox 0 0 1202 3940; x_wconf 95' lang='lat' dir='ltr'><strong> </strong></span> 
     </span>
    </p>
   </div>
  </div>
 </body>
</html>
