2394 3940
355 247 396 323 u,
420 245 454 322 a,
477 245 611 310 teas.

121 399 218 477 thue
232 400 337 475 decet,
354 415 393 461 ne
409 407 439 461 te
452 403 562 464 vicerit
574 403 640 479 illa,
657 420 761 479 caves,

86 483 119 546 'at
130 483 207 546 bane
222 485 265 546 uti
280 499 415 561 pugnes,
432 486 513 546 bene
526 503 668 562 pugnans
685 489 779 550 elficit
795 486 904 550 hostis.

123 566 171 630 Sic
185 570 295 630 eadem
311 570 441 646 prodest
457 585 553 632 causa
567 578 719 649 nocetque
734 571 817 632 mihi.

50 661 75 715 tt
88 651 200 715 Scilicet
212 653 383 730 indignum,
399 654 519 714 iuvenis
536 655 708 730 rarissime,
725 657 813 719 ducis

118 739 156 798 le
170 737 237 798 fieri
252 738 392 799 comitem
408 740 517 799 stantis
533 739 563 798 in
581 740 657 800 orbe
672 741 759 802 deae.

86 822 193 882 Firmus
208 837 259 897 es,
276 830 306 883 et
322 825 467 898 quoniam
483 840 545 885 non
561 831 698 900 samaa,
718 824 822 900 qualia
838 825 943 899 velles,

120 906 195 966 Vela
209 907 293 982 regis
311 923 447 983 quassae
463 907 699 986 qualiacumque
713 911 798 971 ratis.

88 989 222 1066 Quaeque
238 991 281 1051 ita
298 1007 453 1053 concussa
471 999 532 1065 est,
549 999 582 1053 ut
595 992 656 1052 ianr
671 1009 783 1054 casura
796 998 926 1073 putetur,

54 1078 78 1132 to
121 1075 224 1136 Restat
238 1076 339 1136 adhuc
355 1076 469 1136 umeris
485 1077 561 1136 tulta
579 1076 666 1137 ruina
681 1079 751 1138 tuis.

86 1159 125 1218 lra
138 1160 259 1234 quidem
273 1160 371 1234 primo
389 1161 488 1221 luerat
501 1168 553 1221 tua
568 1161 662 1236 iusta,
678 1177 735 1222 nec
749 1163 820 1240 ipso

120 1243 242 1319 Lenior,
257 1243 396 1307 offensus
409 1245 462 1320 qui
481 1243 554 1305 mihi
569 1245 634 1305 iure
654 1246 718 1306 luit.

87 1327 191 1402 Quique
206 1329 296 1390 dolor
315 1336 423 1406 pectus
439 1329 590 1405 tetigisset
604 1330 745 1391 Caesaris
760 1329 820 1405 alti,

120 1412 199 1473 illum
218 1413 343 1474 iurabas
358 1415 497 1490 protinus
510 1430 582 1475 essa
596 1420 689 1475 tuum.

55 1493 118 1558 aiut
131 1503 225 1558 tamen
245 1498 349 1558 audita
363 1505 410 1559 est
424 1505 549 1559 nostrae
564 1498 618 1558 tibi
632 1499 729 1559 cladis
750 1499 845 1574 origo,

121 1581 231 1642 Diceris
247 1583 355 1642 erratis
376 1583 562 1657 ingemuisse
577 1582 664 1644 meis.

89 1664 150 1725 lum
162 1673 213 1726 tua
226 1682 275 1726 me
292 1667 423 1741 primum
444 1667 537 1729 solari
552 1667 651 1727 littera
671 1667 773 1742 coepit

123 1749 155 1810 Et
167 1750 283 1812 laesum
299 1749 381 1811 tlecti
396 1766 483 1827 spem
500 1751 574 1812 dare
594 1765 690 1826 posse
710 1751 809 1810 deum.

90 1833 171 1894 Movit
183 1834 333 1896 amicitiae
352 1842 415 1896 tum
430 1843 459 1896 te
479 1836 652 1897 constantia
671 1834 791 1909 longae,

58 1919 81 1974 lt
123 1918 194 1978 Ante
212 1928 284 1982 tuos
304 1927 390 1980 ortus
411 1919 578 1994 quaemihi
596 1924 708 1995 coepta
728 1918 791 1992 luit

90 2002 119 2062 llt
135 2005 212 2078 quod
227 2019 296 2066 eras
317 2004 384 2065 allis
399 2004 513 2076 sactus,
531 2002 601 2063 mihi
618 2012 706 2064 natus
724 2003 850 2076 anricus,

124 2087 265 2166 Quodque
279 2088 333 2148 tihi
349 2088 479 2150 incurris
496 2089 605 2150 oscula
624 2089 722 2164 prima
742 2087 822 2147 dedi.

92 2170 165 2244 Quod
178 2190 245 2236 cum
259 2181 364 2234 vestra
379 2173 488 2234 domus
504 2173 617 2233 teneris
631 2173 704 2233 milri
719 2186 842 2248 semper
856 2167 894 2228 ab
912 2167 1000 2229 annis

125 2255 201 2318 Culta
215 2260 268 2329 sit,
288 2273 360 2319 esse
375 2265 464 2318 vetus
481 2273 530 2316 me
545 2257 599 2318 tibi
618 2257 701 2331 cogit
720 2272 807 2317 onus.

58 2337 207 2403 relicuus
227 2343 278 2401 ille
298 2350 399 2417 pater,
419 2341 523 2402 Latiae
543 2342 686 2401 facundia
701 2341 830 2415 linguae,

124 2423 198 2497 Quae
213 2443 274 2487 non
290 2426 416 2485 interior
433 2427 591 2486 nobilitate
606 2425 670 2496 luit,

90 2505 204 2583 lamus,
219 2518 253 2572 ut
267 2510 412 2570 auderem
430 2509 617 2570 committere
632 2506 766 2568 carmina
781 2507 889 2579 laruae,

123 2592 243 2668 impulit.
272 2595 386 2670 ingenii
402 2595 465 2654 dux
482 2595 538 2656 luit
552 2591 603 2654 ille
617 2592 686 2652 mei.

90 2673 154 2750 lieo,
169 2693 226 2752 quo
244 2679 284 2740 sit
299 2679 429 2753 primurn
444 2679 534 2740 nohis
552 2695 571 2738 a
586 2684 725 2753 tempore
740 2675 851 2744 cultus,

26 2801 27 2804 ,
57 2759 80 2813 tl
123 2759 270 2824 contendo
288 2764 409 2823 tratrem
430 2779 526 2838 posse
540 2763 655 2821 reterre
669 2768 763 2822 tuum.

90 2841 121 2901 Te
138 2852 231 2906 tamen
249 2855 320 2907 ante
335 2847 433 2907 omnis
454 2849 495 2908 ita
511 2863 580 2908 sum
595 2846 781 2920 conplexum
799 2851 833 2906 ut
849 2860 930 2904 unus

123 2929 255 3002 Quolibet
270 2932 301 2991 in
320 2947 395 2992 casu
409 2932 508 3006 gratia
523 2938 630 2992 nostra
649 2931 743 2989 iores.

27 3061 28 3088 q
90 3011 184 3074 Ultima
196 3032 243 3076 me
264 3024 364 3077 tecum
382 3014 456 3075 vidit
473 3016 663 3090 maestisque
678 3013 824 3073 cadentes

122 3097 243 3175 Excepit
257 3100 399 3161 lacrimas
414 3100 554 3160 Aethalis
570 3101 635 3158 llva
652 3097 757 3172 genis:

57 3177 151 3241 licum
165 3183 215 3243 tibi
230 3185 403 3260 quaerenti,
420 3201 492 3245 num
505 3199 597 3244 verus
617 3181 743 3243 nuntius
758 3187 851 3252 esset

121 3267 264 3328 Attulerat
284 3270 394 3344 culpae
415 3284 507 3343 quern
523 3270 604 3328 mala
618 3268 699 3327 lama
718 3280 814 3338 meae,

89 3347 156 3409 luter
173 3353 348 3414 confessum
370 3353 462 3413 dubie
476 3352 629 3426 dubleque
649 3357 811 3426 negantem

29 3471 36 3517 r,
121 3434 300 3512 Haerebam,
318 3438 451 3512 pavidas
471 3437 563 3497 dante
583 3437 690 3496 timore
707 3440 807 3505 notus,
862 3443 890 3520 ’ν

31 3530 36 3567 t
89 3513 284 3598 Exemploque
297 3522 394 3597 nivis,
416 3538 508 3600 quam
527 3521 623 3582 mollit
642 3519 803 3594 aquaticus
823 3521 934 3588 auster,

32 3588 42 3900 l
