2372 3928
362 189 413 265 111,
432 190 467 263 t,
488 189 624 253 tb-tlb

114 345 148 408 Et
161 344 296 423 gaudere
311 342 426 419 aliquid
439 359 490 406 res
505 343 577 404 rnild
593 345 660 405 nisa
674 359 756 406 nava
770 350 827 406 ast.

82 431 169 505 thue
180 427 383 490 reformidant
394 428 547 489 insuebnn
563 428 675 490 lamina
690 430 796 501 salem,

49 530 75 582 tt
118 513 163 575 Sia
179 513 218 574 ad
231 512 377 574 laetitiam
391 528 477 572 mens
490 527 560 572 mes
575 513 678 588 segnis
694 519 766 574 arnt.

80 599 127 659 Est
141 611 262 674 qaoque
277 602 452 656 eunetarurn
467 596 588 656 novitas
597 597 764 659 ‘cainiana
778 611 895 658 remma

116 681 275 756 crudaque
291 681 404 753 allicio,
426 681 511 758 quad
525 696 612 741 naara
626 681 733 754 tardat,
755 681 852 741 abest.

81 767 174 827 Cetera
185 765 323 826 certatim
339 764 379 824 de
393 781 503 840 magno
519 766 633 840 scripta
649 765 800 842 triumpho

115 852 171 910 lam
186 848 306 925 pridem
322 849 427 924 populi
443 849 586 924 suspiaor
600 849 738 924 orelegi.

52 935 129 993 stilla
142 932 214 996 bibit
227 933 335 994 sitiens
351 933 458 1007 lector,
476 948 547 992 mea
560 933 673 1008 pabula
687 934 811 1010 plenasr

114 1019 164 1078 lllu
176 1033 286 1078 reeens
304 1023 446 1092 paueat,
468 1024 573 1078 nostra
586 1017 701 1093 tepebit
715 1035 804 1094 aqua.

80 1102 135 1160 lton
149 1117 205 1177 ego
222 1102 353 1174 sessani,
373 1115 430 1162 nee
446 1101 638 1164 lenitinerliu
649 1117 764 1164 serant.

113 1185 217 1247 Ultima
228 1201 279 1246 tne
295 1186 372 1246 vasti
388 1185 519 1247 sustirtet
533 1201 589 1248 ore
602 1186 679 1248 lreti.

79 1270 144 1330 llum
158 1270 241 1332 venit
254 1269 315 1330 bue
328 1285 440 1344 mutar,
461 1277 687 1348 properataque
700 1271 837 1332 earnnm
850 1271 933 1346 liunt,

50 1357 73 1410 tl
113 1352 263 1431 Factaque
278 1362 350 1415 eunt
363 1356 403 1416 ad
421 1371 486 1425 vos,
508 1371 608 1416 annus
626 1355 729 1416 abisse
745 1362 856 1431 petest.

81 1439 132 1497 Nea
145 1439 300 1500 minimum
314 1439 415 1512 reteri
439 1439 550 1500 irataeta
563 1441 683 1500 resariu
698 1439 823 1516 primus,

113 1525 156 1582 An
172 1539 243 1583 sera
258 1538 367 1598 carpus
385 1538 483 1599 paene
498 1523 604 1584 relietu
617 1539 717 1585 manu.

83 1604 148 1678 Quid
160 1609 278 1682 nrirunr,
296 1607 386 1668 lentis
402 1607 553 1668 exhausto
571 1607 700 1669 llaribus
715 1607 813 1680 liano,

113 1689 141 1749 Si
155 1693 233 1752 dune
248 1706 310 1751 non
325 1692 405 1752 laeta
420 1699 468 1752 est
480 1693 574 1768 duna
591 1698 799 1753 coronasset

50 1773 230 1851 ittllepreeor,
252 1775 330 1836 haee
346 1784 447 1837 vatruu
463 1783 640 1836 contrusus
656 1777 788 1837 earmina
802 1789 841 1834 ne
857 1773 924 1850 quis

114 1859 194 1920 Dicta
210 1866 304 1936 putet
336 1875 393 1935 pro
405 1876 443 1922 se
456 1860 545 1922 Musa
560 1862 661 1921 locutu
674 1875 742 1920 mea
757 1866 813 1920 est.

83 1939 146 2005 Sunt
158 1944 230 2004 mibi
245 1943 407 2005 vobiscum
422 1945 594 2006 eommunia
609 1960 705 2019 sacra,
728 1953 846 2021 poetae,

113 2027 141 2086 ln
154 2035 258 2090 vestro
274 2029 394 2090 miseris
410 2029 437 2090 si
450 2031 521 2090 licat
534 2045 608 2090 esse
622 2028 727 2090 ahorn.

82 2107 238 2188 Magnaque
253 2129 327 2189 pars
341 2113 462 2174 animae
477 2129 595 2176 meeum
608 2113 738 2186 vixistis,
760 2113 864 2175 amiel:

50 2191 74 2245 ll
112 2193 169 2256 liae
184 2212 243 2272 ago
259 2213 318 2258 vos
333 2197 446 2259 absens
461 2213 541 2259 nune
557 2213 681 2274 quoque
693 2205 778 2274 purte
795 2199 874 2260 eolo.

82 2273 135 2338 Sint
146 2280 235 2355 igitur
250 2289 354 2342 vestro
368 2298 438 2344 mea
452 2283 665 2344 commendata
680 2282 777 2342 lavari

112 2362 253 2440 Cannina,
277 2380 338 2425 non
354 2382 481 2442 possum
498 2383 554 2442 pro
571 2365 681 2442 quibus
697 2366 764 2441 ipse
777 2367 873 2442 loqui.

68 2441 185 2522 'Scripta
199 2451 325 2526 placent
339 2465 358 2509 a
371 2459 468 2511 morta
483 2451 556 2511 lere.
593 2450 666 2525 quia
679 2449 802 2509 laedere
817 2451 905 2511 vivos
983 2493 989 2498 *-

111 2529 198 2594 Livor
212 2541 242 2594 et
256 2533 369 2595 iniusto
386 2551 513 2610 carpere
527 2536 618 2595 dente
633 2533 721 2594 solet.

47 2609 104 2669 lei
116 2629 207 2688 genus
223 2625 272 2678 est
284 2619 392 2678 mortis
407 2620 487 2678 male
500 2619 614 2691 vivere,
633 2625 716 2678 terra
730 2624 872 2691 moratur,

110 2697 143 2758 Et
157 2701 269 2764 desunt
282 2703 353 2764 tatis
368 2703 437 2764 sola
451 2701 616 2778 sepulchra
629 2703 716 2764 meis.

76 2778 200 2859 lienique
216 2801 296 2862 opus
312 2793 437 2848 nostrae
453 2789 590 2863 culpetur
604 2795 635 2848 ul
649 2785 785 2861 undique
801 2802 900 2860 curae,

109 2863 242 2929 Ollicium
257 2887 348 2930 neruo
364 2873 415 2946 qui
429 2871 642 2947 reprehendat,
665 2870 729 2930 erit.

76 2943 107 3006 Ut
119 2950 214 3012 desint
228 2955 321 3028 vires,
344 2963 444 3016 tamen
460 2963 508 3016 est
522 2953 674 3015 laudanda
689 2955 840 3015 voluntas,

46 3028 71 3081 tt
109 3032 169 3094 llae
183 3051 241 3114 ego
257 3045 418 3101 contentos
434 3055 568 3114 auguror
582 3053 653 3099 esse
668 3038 756 3098 deos.

74 3112 146 3177 llaec
160 3121 239 3195 lacit,
262 3128 294 3183 ut
308 3124 412 3183 veniat
426 3139 544 3200 pauper
558 3137 683 3198 quoque
697 3128 802 3196 gratus
818 3122 858 3182 ad
871 3138 951 3197 aras,

106 3199 140 3261 Et
152 3204 272 3279 placeat
286 3223 380 3270 caeso
396 3223 456 3269 non
471 3207 570 3267 minus
587 3222 665 3280 agna
680 3206 770 3266 bove.

74 3280 126 3344 lies
141 3303 263 3364 quoque
279 3297 361 3351 tanta
376 3292 440 3365 luit,
464 3297 595 3367 quantae
609 3289 780 3352 subsistere
795 3305 915 3351 summo

104 3370 259 3436 Aeneidos
274 3376 337 3436 vati
352 3376 468 3452 grande
483 3375 592 3436 luisset
607 3391 694 3436 enus.

43 3448 157 3513 talene
172 3458 260 3518 etiarn
275 3460 384 3521 molles
399 3459 476 3536 elegi
493 3467 553 3520 tana
568 3466 656 3519 vasta
670 3457 813 3534 triumphi
