2394 3940
360 217 389 290 1,
409 215 446 290 8,
469 215 604 281 23—94.

78 370 171 430 lnuuc
186 375 216 428 et
231 374 366 427 veterum
380 368 469 428 nohis
485 369 627 444 exempla
642 369 784 447 virorum,

113 452 163 527 Qui
178 452 246 512 lorti
264 467 370 512 casum
386 459 487 512 mente
501 453 612 527 tulere,
627 456 722 514 refert

78 537 109 595 Et
120 551 209 610 grave
222 535 405 610 magnanimi
420 535 514 596 robur
526 537 641 595 mirare
654 538 746 600 Rutili

111 621 170 678 Non
184 619 231 679 usi
245 619 362 694 reditus
378 619 559 680 condicione
574 619 646 678 dati.

44 711 68 763 tt
79 703 194 781 Smyrna
209 703 306 763 virum
319 703 429 775 tenuit,
448 720 509 763 non
524 702 637 762 Pontus
653 711 683 764 et
696 703 814 766 hostica
829 709 928 784 tellus,

110 787 202 846 Paene
217 787 316 846 minus
330 789 412 847 nullo
429 785 560 862 Smyrna
575 786 708 861 petenda
722 789 801 848 loco.

79 871 134 930 llon
147 870 237 929 doluit
252 871 349 945 patria
364 870 496 947 cynicus
511 871 618 946 procul
633 884 704 942 esse
719 869 887 948 Sinopeus:

112 953 189 1027 Legit
200 954 279 1012 enim
294 953 402 1026 sedes,
416 955 518 1014 Attica
531 962 627 1027 terra,
643 960 720 1014 tuas.

81 1038 160 1095 Arma
172 1037 334 1096 Neoclides
349 1037 402 1112 qui
417 1037 540 1098 Persica
555 1036 690 1098 contudit
703 1038 805 1112 armis,

48 1130 72 1183 lo
113 1121 248 1194 Argolica
262 1120 390 1194 primam
405 1122 502 1182 sensit
515 1123 545 1180 in
562 1121 636 1180 urbe
651 1121 763 1196 lugam.

81 1202 173 1263 Pulsus
188 1203 339 1264 Aristides
354 1205 452 1279 patria
466 1205 698 1266 Lacedaemona
713 1206 797 1282 fugit,

113 1287 275 1362 intorques
291 1287 431 1362 dubium,
451 1305 531 1364 quae
546 1288 630 1362 prior
645 1296 743 1361 esset,
763 1298 837 1352 erat

83 1369 168 1430 Caede
180 1387 254 1446 puer
269 1371 351 1432 lacta
364 1373 521 1434 Patroclus
539 1371 660 1446 Opunta
674 1374 825 1448 relinquit,

115 1454 375 1529 Thessalicamque
390 1457 464 1517 adiit
478 1457 595 1529 hospes
609 1456 888 1518 Achillishumum.

50 1537 72 1594 lt
81 1536 144 1596 Txul
157 1537 192 1596 ab
205 1539 376 1598 Haemonia
391 1539 531 1600 Pirenida
547 1538 641 1598 cessit
654 1540 694 1599 ad
708 1541 829 1614 undam,

116 1620 171 1694 Quo
186 1623 263 1682 duce
277 1621 361 1682 trabs
374 1622 487 1684 Colcha
501 1638 590 1684 sacra
604 1621 735 1685 cucurrit
748 1637 838 1698 aqua.

83 1703 168 1779 liquit
182 1705 373 1781 Agenorides
390 1705 517 1768 Sidonia
532 1707 652 1765 moenia
667 1706 810 1782 Cadmus,

114 1787 232 1850 Poneret
245 1796 278 1849 ut
291 1806 395 1851 muros
411 1791 440 1850 in
457 1790 581 1850 meliore
596 1790 677 1850 loco.

83 1871 159 1930 Venit
171 1874 207 1932 ad
220 1873 386 1934 Adrastum
399 1875 523 1950 Tydeus
536 1873 693 1950 Calydone
708 1873 839 1947 iugatae,

51 1953 75 2006 80
114 1955 146 2014 m
156 1957 296 2016 Teucrum
312 1959 425 2018 Veneri
439 1965 525 2033 grata
538 1957 654 2031 recepit
667 1957 787 2018 humus.

88 2037 150 2109 Qdd
161 2041 285 2100 referam
301 2048 420 2102 veteres
435 2043 592 2103 Romanae
607 2041 719 2116 gentis,
734 2042 816 2118 apud
833 2057 913 2118 quos

115 2121 248 2184 Exulibus
263 2125 352 2185 tellus
366 2125 470 2187 ultima
484 2125 576 2185 Tibur
589 2131 676 2184 eratt

87 2201 234 2282 Persequar
246 2216 281 2268 ut
295 2217 437 2283 cunctos,
454 2209 526 2268 nulli
542 2209 631 2268 datus
646 2207 787 2268 omnibus
803 2209 889 2268 aevis

118 2290 179 2349 Tam
193 2292 299 2366 procul
314 2309 332 2352 a
347 2294 445 2368 patria
459 2300 507 2354 est
521 2293 714 2352 horridiorve
728 2294 826 2353 lucus.

54 2369 139 2443 thuo
151 2374 239 2449 magis
255 2376 395 2450 ignoscat
409 2377 560 2452 sapientia
575 2381 677 2435 vestra
691 2375 815 2448 dolenti,

121 2456 167 2530 Qui
181 2460 248 2518 lacit
262 2475 301 2519 ex
322 2459 411 2520 dietis
426 2477 488 2520 non
504 2461 545 2520 ita
558 2461 651 2518 multa
666 2459 752 2518 catis.

87 2535 136 2598 Nec
146 2547 239 2602 tamen
253 2543 379 2616 infitior,
397 2544 423 2603 si
439 2543 560 2619 possint
573 2547 679 2602 nostra
692 2541 775 2600 coire

119 2623 253 2701 Vulnera,
270 2629 443 2702 praeceptis
458 2643 555 2703 posse
573 2625 656 2686 coire
669 2623 739 2684 tuis.

89 2702 139 2764 Sed
149 2725 266 2785 vereor,
280 2727 320 2770 ne
334 2727 382 2770 me
397 2713 510 2773 frustra
525 2725 650 2771 servare
664 2707 796 2780 labores,

54 2790 77 2843 ll
117 2789 170 2852 Neu
183 2793 267 2854 iuver
281 2794 405 2855 admota
421 2795 557 2872 perditus
572 2809 665 2868 aeger
679 2809 748 2868 ope.

88 2870 137 2932 Nec
148 2877 252 2953 loquor
265 2877 359 2951 haee,
376 2881 450 2954 quia
464 2880 504 2940 sit
517 2878 614 2938 maior
629 2875 791 2952 prudentia
805 2875 904 2951 nobie,

121 2955 171 3018 Sed
184 2961 238 3021 sim
254 2978 347 3036 quam
361 2965 481 3024 medico
496 2961 597 3022 notior
611 2961 679 3035 ipse
694 2959 775 3018 mihi.

87 3037 119 3097 Ut
129 3047 217 3104 tamen
231 3045 292 3105 hoc
306 3045 348 3106 ita
362 3046 415 3120 sit,
432 3063 542 3108 munus
558 3051 610 3106 tua
623 3043 741 3119 grande
756 3043 899 3103 voluntas

27 3195 28 3210 χ
116 3123 157 3184 hl
169 3143 212 3187 me
227 3129 382 3205 pervenit,
397 3130 629 3204 consuliturque
642 3127 725 3188 boni.
