2394 3940
160 212 207 278 ῃ
557 205 784 268 uersurum

244 365 323 430 Vilia
338 361 389 440 qui
405 361 563 439 quondam
576 359 697 421 miseris
712 361 855 424 alimenta
869 370 1006 444 ncffierai,

282 449 369 509 Nunc
383 444 555 508 mendicate
571 443 709 520 pascitur
722 445 791 521 ipse
807 444 886 508 cibe.

206 545 236 596 15
245 530 393 594 Passibus
408 527 563 604 ambiguis
573 527 708 590 Fortuna
723 528 866 598 inaniis
883 537 964 600 errat

283 617 322 678 Ei
335 620 437 676 menei
451 613 486 674 in·
496 613 583 674 nulio
596 619 680 675 cerie
692 615 946 694 tenaxqueloep:

244 701 308 763 Sed
322 699 415 760 medo
430 699 511 760 iacta
524 703 636 771 mensi,
657 697 759 763 vultus
773 698 867 766 mado
883 699 975 778 sumit
988 700 1138 778 acerbos,

283 785 321 845 Ei
334 789 450 846 tunium
465 787 610 844 constans
625 780 655 840 in
670 781 794 852 levitate
808 790 936 863 Quaest-

244 870 307 930 Ncs
323 881 452 945 quoque
463 865 633 928 floruimus.
667 867 725 930 sed
739 865 806 935 fles
816 873 883 936 erat
895 867 948 938 iiie
961 869 1111 950 caducus

201 964 236 1016 uo
286 953 486 1028 Flauumque
498 951 539 1010 de
553 949 668 1026 stipula
679 957 785 1024 nestra
799 951 964 1035 brevisque
979 951 1041 1028 fuit.

243 1038 328 1098 Neve
342 1042 443 1098 umen
459 1040 522 1096 icta
535 1035 641 1111 capias
657 1035 723 1098 iera
738 1034 981 1112 gaudia-,crepam

282 1121 350 1182 Non
366 1125 415 1180 esi
431 1119 574 1196 placandi
590 1133 666 1194 spes
681 1117 755 1190 mihi
770 1119 854 1194 nulia
869 1121 927 1194 dei,

242 1205 301 1265 Vel
319 1204 390 1282 quia
407 1203 535 1280 peceavi
550 1203 626 1264 ciira
640 1201 756 1279 secius,
780 1209 873 1280 utque
888 1207 1009 1281 pudore

284 1289 352 1348 Non
368 1293 460 1363 cerei,
481 1286 596 1348 invidia
610 1287 656 1348 sie
670 1302 744 1352 mea
754 1288 849 1364 culpa
860 1297 956 1360 caret:

201 1387 235 1439 25
248 1373 306 1434 Vei
322 1372 393 1448 quia
406 1372 448 1432 nil
462 1371 570 1448 ingens
584 1371 625 1433 ad
639 1371 733 1432 finem
747 1373 825 1438 sciis
840 1372 878 1436 ab
896 1382 963 1444 ertu

283 1457 348 1533 iilo,
371 1457 419 1520 cui
435 1462 530 1533 paret,
550 1455 651 1516 mitius
666 1455 750 1518 orbis
764 1455 867 1518 habei.

244 1541 366 1602 Scilicet
380 1548 414 1602 ut
428 1557 490 1604 nen
506 1545 553 1602 esi
568 1555 624 1616 per
639 1540 700 1601 vim
716 1540 900 1618 superabilis
915 1541 977 1614 uili,

283 1624 375 1686 Meiie
391 1624 499 1687 carad
515 1624 637 1684 timidas
652 1624 698 1684 sic
714 1623 805 1689 habei
822 1626 873 1692 iile
887 1642 1007 1708 preces.

242 1711 454 1787 Exemploque
470 1709 570 1783 deum,
594 1708 706 1785 quibus
722 1724 908 1778 accessurus
924 1711 1037 1786 etipse
1054 1719 1120 1789 est,

201 1803 236 1857 30
289 1794 363 1856 Cum
377 1808 498 1871 poenae
511 1792 603 1854 venia
617 1795 707 1870 plura
721 1809 832 1868 regere
848 1795 940 1865 aurii.
998 1819 999 1824 ¹

244 1878 277 1939 Si
293 1894 435 1940 numeres
451 1895 532 1940 anna
548 1878 632 1939 sanies
648 1884 678 1938 ci
691 1876 795 1940 nuhiia
812 1885 885 1950 iota,

284 1963 425 2024 Invenies
442 1963 569 2024 nitidum
583 1962 710 2039 saepius
725 1961 791 2024 isse
806 1962 897 2029 diem.

242 2045 375 2120 Ergone
391 2046 514 2109 nimium
530 2053 636 2106 nostra
650 2049 763 2108 laeicre
778 2046 876 2125 ruina

283 2127 412 2190 Resiiiui
428 2130 584 2204 quendam
599 2144 647 2190 me
665 2145 900 2208 quequepesse
916 2135 1000 2205 puta.

201 2223 235 2276 35
247 2212 344 2274 Posse
359 2219 433 2289 puia
446 2213 523 2287 fieri,
544 2213 636 2274 ieniio
653 2213 792 2290 principe
809 2215 910 2286 vuitus

283 2297 323 2360 Ui
336 2297 445 2361 videas
463 2299 564 2360 medie
579 2297 673 2360 trisiis
689 2299 720 2360 in
734 2299 818 2360 Urbe
832 2315 930 2367 meas.

242 2382 343 2460 thue
357 2397 415 2460 ega
433 2391 463 2446 ie
476 2383 598 2445 videam
614 2398 709 2444 eausa
719 2383 865 2458 graviore
881 2383 1027 2458 sagarum,

282 2467 366 2528 Haec
381 2475 452 2529 suni
469 2485 488 2528 a
503 2466 608 2545 primis
624 2467 764 2544 proxima
780 2474 851 2529 vcia
866 2469 952 2527 meis.

183 2597 227 2691 9ο
244 2597 273 2692 0
292 2641 342 2695 iua
356 2633 383 2694 si
399 2633 517 2694 sineres
531 2635 563 2694 in
580 2635 693 2696 nostris
706 2634 925 2712 <nominamini

194 2791 200 2802 ,
282 2716 480 2789 Carminibus,
495 2718 623 2792 positus
640 2735 731 2795 quarn
746 2718 818 2784 milri
832 2733 930 2797 saepe
944 2717 1047 2790 iores!

239 2801 281 2860 Te
298 2815 440 2862 canerem
456 2801 565 2876 scium,
586 2803 685 2866 meriti
696 2818 828 2866 memor.
857 2804 955 2886 ,inque
971 2799 1097 2880 libeliis

282 2884 436 2946 crevisset
450 2884 517 2946 sine
531 2888 689 2964 iepaginc
707 2887 892 2961 nullameis.

216 2982 231 3032 s
244 2969 322 3044 Quid
337 2968 389 3030 tibi
404 2969 556 3045 deberem,
580 2978 644 3034 teia
658 2971 787 3036 scirem
801 2972 832 3036 in
845 2971 946 3044 ,Urbez

281 3053 362 3115 Exul
375 3052 537 3116 inamissa
546 3056 579 3117 *si
594 3055 791 3120 amerinis
805 3057 903 3136 iegpr.

241 3138 283 3199 Te
298 3153 446 3213 praesens
456 3139 564 3202 mitem
576 3145 693 3216 nessei,
713 3148 749 3202 ie
759 3140 863 3208 ¹serior
876 3147 971 3212 aetas,

282 3219 404 3299 Scripta
420 3231 599 3286 uetusiaiem
611 3224 641 3288 si
657 3227 749 3286 modo
763 3231 872 3292 nesure
886 3225 995 3294 ierant.

241 3305 304 3367 Nec
319 3305 370 3366 cibi
385 3315 522 3369 cessaret
536 3309 646 3379 decius
659 3308 856 3374 benedicere
864 3309 975 3370 iccicr.

200 3399 235 3452 ιο
286 3389 343 3451 Hic
357 3398 524 3454 teservatc
540 3399 761 3476 veie-maneret
774 3394 884 3455 honor.

241 3472 387 3536 caesaris.
397 3482 445 3538 esi
459 3477 589 3554 primum
603 3495 723 3552 munus,
749 3480 833 3554 quod
850 3477 988 3538 ducimus
1001 3491 1118 3546 armus
