2492 3926
183 225 245 288 282
562 221 814 283 FASTORUM

267 376 344 434 lline
359 375 535 435 Camerinan
551 375 615 434 adit
626 375 834 450 Thapsonque
849 381 880 434 et
896 373 1019 432 Heloria
1033 373 1162 448 Tempe,

213 499 221 516 .
309 459 437 535 Quaque
452 464 536 534 patet
549 455 686 536 zephyro
703 473 827 533 semper
841 464 966 532 apertus
983 457 1076 532 Eryx.

267 543 392 616 lamque
404 541 582 602 Peloriaden
597 541 815 620 Lilybaeaque,
838 539 962 615 iamque
974 539 1145 616 Pachynon

200 635 253 689 teo
307 627 477 700 Lustrarat,
499 632 597 683 terrae
613 639 728 685 eornua
742 625 822 685 trina
836 639 922 684 suae.
952 675 955 680 ,

267 709 463 784 Quacumque
478 708 658 783 ingreditur,
674 708 793 768 miseris
810 710 879 768 loea
894 713 1003 767 cuneta
1022 707 1172 781 querellis

305 793 427 868 Implet,
450 799 481 851 ut
495 791 641 851 amissum
656 806 724 852 eum
739 793 832 866 gemit
845 792 910 851 ales
927 792 1003 866 ltyn.

265 876 383 952 Perque
394 876 479 936 uiees
491 875 583 935 modo
596 875 826 951 ‘Persephone’
842 876 935 935 modo
948 874 1064 934 ‘Filiat’
1078 878 1200 950 elamat,

307 961 429 1034 Clamat,
454 966 484 1018 et
497 959 620 1019 alternis
636 975 745 1020 nomen
760 967 922 1036 utrumque
937 961 1004 1020 eiet.

198 1052 250 1107 485
267 1043 328 1103 Sed
345 1060 446 1118 neque
459 1042 656 1118 Persephone
671 1045 824 1115 Cererem,
847 1059 906 1104 nee
920 1043 983 1103 lilia
997 1049 1126 1103 matrem

305 1128 414 1201 Audit,
435 1135 466 1187 et
480 1128 603 1188 alternis
621 1144 729 1188 nomen
742 1135 904 1202 utrumque
919 1126 1004 1202 perit.

265 1212 408 1287 Unaque,
429 1218 583 1286 pastorem
597 1211 779 1272 vidissetan
795 1227 870 1271 arva
885 1212 1044 1283 colentem,

305 1297 377 1354 Vox
392 1303 457 1354 erat
471 1295 547 1354 ‘llae
561 1311 687 1372 gressus
703 1311 802 1370 eequa
818 1296 919 1371 puella
933 1294 1031 1354 tulitt’

266 1379 329 1439 lam
339 1378 431 1456 ¹color
445 1395 525 1439 unus
540 1380 619 1439 inest
632 1379 734 1453 rebus,
750 1379 948 1454 tenebrisque
963 1384 1107 1454 teguntur

199 1471 253 1526 490
308 1462 424 1524 Omnia.
453 1463 512 1523 i'arn
526 1463 635 1538 vigiles
650 1465 823 1523 conticuere
838 1479 941 1524 00000.

266 1548 337 1610 Α110
351 1549 430 1608 lauet
444 1547 521 1608 vasti
537 1564 631 1623 super
645 1564 700 1608 ora
712 1548 879 1624 Typhoeos
892 1549 1001 1621 Aetne,

308 1632 399 1693 Cuius
415 1632 563 1693 anhelatis
579 1632 699 1708 ignibus
716 1633 802 1694 ardet
816 1633 936 1693 huntus.

266 1716 330 1775 11110
344 1717 485 1776 accendit
497 1715 633 1792 geminas
650 1732 705 1793 pro
721 1716 862 1792 lampade
877 1717 998 1792 pinus...

307 1801 384 1860 ilina
399 1801 517 1862 cereris
532 1802 629 1862 saeris
648 1817 729 1861 nune
745 1815 870 1876 quoque
883 1801 974 1862 taeda
989 1800 1110 1860 datur...

199 1891 251 1946 495
264 1884 320 1944 Est
334 1901 446 1960 specus
462 1886 547 1944 exesi
563 1893 715 1947 structura
727 1885 856 1960 pumicis
871 1900 972 1961 asper,

304 1971 372 2030 Non
386 1969 500 2031 homini
516 1968 616 2047 regio,
639 1986 699 2031 non
715 1969 858 2030 adeunda
873 1970 971 2028 serae:

266 2050 331 2131 Quo
347 2055 436 2119 simul
452 2075 488 2118 ae
502 2055 600 2131 venit,
624 2056 758 2116 frenatos
773 2053 912 2115 curribus
927 2067 1043 2132 angues

306 2141 417 2220 iungit,
440 2150 470 2206 et
484 2155 655 2220 aequoreas
671 2146 754 2208 sicea
769 2151 906 2224 pererrat
920 2161 1028 2223 aquas.

107 2290 109 2308 Ι
265 2225 378 2302 Effugit
392 2235 422 2289 et
437 2228 544 2306 Syrtes
560 2239 591 2293 et
604 2237 642 2304 te,
663 2231 813 2292 Zanclaea
828 2231 1008 2310 Charybdis,

199 2317 252 2370 500
307 2311 345 2370 Et
361 2327 435 2389 vos,
451 2314 570 2390 Nisaei,
590 2317 738 2392 naufraga
753 2323 897 2390 monstra,
921 2332 1022 2391 eanes,

264 2395 509 2475 Hadrianumque
525 2409 632 2475 patens
648 2403 720 2475 late,
743 2401 952 2476 bimaremque
967 2399 1149 2460 Corinthon.

306 2480 356 2540 Sic
370 2483 454 2544 venit
467 2484 506 2542 ad
524 2493 639 2558 portus,
655 2485 755 2546 Attica
769 2492 858 2560 terra,
877 2492 957 2546 tuos.

263 2565 319 2624 Hie
335 2565 463 2640 primunr
479 2569 558 2627 sedit
572 2569 674 2644 gelido
689 2568 894 2631 maestissima
910 2585 997 2629 saxo.

304 2649 380 2708 illud
396 2651 582 2726 Cecropidae
597 2668 677 2712 nuno
692 2669 816 2729 quoque
830 2653 916 2714 triste
929 2660 1051 2714 uocant.

199 2741 250 2792 505
265 2731 328 2791 Sub
344 2732 418 2790 love
433 2733 555 2793 duravit
568 2736 669 2797 multis
684 2736 796 2798 inmota
817 2737 926 2797 diebus

300 2815 338 2875 Et
352 2815 441 2874 lunae
458 2819 576 2892 patiens
591 2825 620 2878 et
635 2819 778 2895 pluvialis
794 2837 903 2897 aquae.

262 2897 338 2958 Fors
358 2914 415 2958 sua
430 2901 539 2976 auique
556 2902 623 2962 1000
641 2910 696 2964 001.
726 2904 792 2978 Quo
808 2921 889 2966 aune
905 2903 1031 2966 Cerialis
1046 2903 1190 2978 Eleusin,

303 2981 418 3042 Dicitur
431 2983 490 3044 hee
506 2986 586 3046 Celei
602 3003 673 3046 rura
687 2988 784 3049 luisse
800 2989 894 3048 senis.

262 3065 316 3124 llle
331 3065 454 3126 domum
470 3070 597 3144 glandes
613 3085 808 3146 excussaque
822 3088 911 3134 mora
927 3070 1042 3132 rubetis

196 3157 248 3212 510
302 3147 418 3223 Portet,
435 3158 464 3211 et
479 3155 593 3214 arsuris
609 3154 695 3214 arida
710 3155 791 3230 ligna
806 3156 895 3216 loeis.

260 3231 335 3292 Filia
351 3249 449 3308 parua
464 3236 541 3296 duas
555 3237 713 3312 redigebat
727 3255 803 3314 rupe
819 3239 965 3316 capellas,

302 3316 339 3376 Et
353 3325 439 3378 tener
453 3319 483 3379 in
499 3322 585 3380 eunis
601 3321 682 3382 lilius
698 3337 790 3397 aeger
803 3330 877 3384 erat.

261 3401 404 3461 ‘Matert’
426 3403 469 3461 ait
483 3404 602 3477 uirgo...
618 3413 700 3466 mota
714 3414 761 3467 est
776 3407 835 3467 dea
851 3405 974 3468 nomine
989 3407 1135 3470 matris...

301 3483 392 3556 ‘Quid
407 3486 483 3546 lacis
498 3487 527 3545 in
544 3487 619 3548 solis
634 3489 807 3551 incomitata
822 3491 932 3551 loeist’
