2450 3932
364 238 394 312 1,
416 237 452 314 8,
471 235 592 314 25-9,
611 238 664 302 le.

140 391 209 453 cum
228 394 301 454 latet
319 391 370 450 hic
389 408 518 468 pressus
539 390 688 465 nubibus,
710 394 761 456 illa
780 396 865 472 fugit,

103 474 209 536 Mobile
224 476 269 536 sic
285 476 426 551 sequitur
440 479 580 536 fortunae
594 477 709 538 luminu
724 481 851 554 vulgusr

139 559 219 633 Quae
233 560 325 620 simul
339 559 464 620 inducta
477 560 560 620 nube
574 567 726 636 teguntur,
742 563 813 624 abit.

61 650 87 703 15
98 643 177 703 llaec
189 658 310 718 precor,
325 650 358 703 ut
374 659 497 720 semper
511 644 635 720 possint
648 645 701 706 tibi
716 647 793 706 laisa
807 648 914 710 videri.

132 724 205 786 Sunt
217 733 319 787 tamen
338 735 450 788 eventu
468 743 543 788 vera
558 728 682 789 latenda
695 745 774 790 mco.

100 810 173 870 Dum
186 810 334 885 stetimus,
351 811 457 872 turbae
472 819 619 887 quantum
634 813 710 872 satis
726 819 818 890 esset,
832 813 963 880 habebat

133 894 207 955 Nota
222 894 357 970 quidem,
374 896 430 955 scd
445 912 507 956 non
522 895 684 956 ambitiosa
699 896 819 958 domus.

98 977 134 1037 At
146 978 232 1038 simul
247 979 380 1055 impulsa
393 986 449 1054 est,
465 994 572 1039 omnes
586 978 715 1040 timuere
727 981 855 1058 ruinam,

62 1069 90 1123 lo
133 1061 284 1138 cautaque
301 1064 453 1124 communi
466 1071 554 1138 terga
568 1063 683 1123 dedere
700 1063 801 1138 lagae.

101 1143 191 1205 Saeva
204 1161 307 1222 neque
321 1146 456 1207 admiror
471 1153 608 1208 metuunt
622 1145 649 1206 si
663 1148 797 1223 tulmina,
812 1165 944 1225 quorum

130 1229 249 1304 Ignibus
265 1229 366 1290 aillari
381 1231 521 1306 proxima
537 1246 678 1306 quaeque
693 1233 803 1292 solent.

101 1311 155 1372 Sed
169 1319 268 1374 tamen
284 1315 314 1373 in
330 1315 415 1374 duris
431 1321 639 1375 remanentem
651 1315 744 1376 rebus
759 1317 889 1378 amicum

136 1397 303 1471 Quamlibet
316 1397 416 1459 inviso
432 1397 546 1460 Caesar
559 1398 589 1458 in
604 1398 693 1460 hoste
708 1399 828 1475 probat,

63 1487 89 1540 tt
100 1479 155 1540 llec
169 1484 246 1542 solet
260 1481 394 1554 irasci...
410 1497 511 1558 neque
526 1482 606 1542 enim
622 1483 807 1543 moderatior
822 1486 928 1544 alter...

134 1564 202 1624 Cum
219 1566 288 1640 quis
303 1567 334 1624 in
350 1566 500 1639 adversis,
517 1565 618 1641 siquid
634 1567 754 1640 amavit,
770 1574 860 1626 amat.

99 1648 137 1707 lle
150 1649 258 1708 comite
272 1649 409 1725 Argolici
423 1656 590 1725 postquam
606 1652 751 1724 cognovit
766 1649 901 1725 Orestae,

134 1733 275 1794 Narratur
288 1733 426 1811 Pyladen
440 1734 509 1809 ipse
523 1734 675 1808 probasse
689 1734 801 1793 Thoas.

100 1815 173 1888 Quae
186 1817 242 1877 luit
255 1817 424 1878 Actoridae
440 1833 509 1877 cum
523 1832 636 1891 magno
651 1831 775 1891 semper
787 1815 916 1890 Achille,

65 1903 91 1958 tt
134 1899 262 1961 Laudari
278 1901 369 1964 solita
384 1907 431 1961 est
443 1899 585 1962 Hectoris
601 1917 655 1962 ore
670 1900 759 1962 tides.

100 1981 176 2054 Quod
190 1985 261 2058 pius
278 1983 319 2044 ad
333 2001 439 2045 manes
453 1985 592 2045 Theseus
608 1999 712 2046 comcs
727 1985 804 2044 isset
818 1982 927 2060 amico,

131 2068 304 2130 Tartareum
319 2069 425 2129 dicunt
438 2068 611 2128 indoluisse
625 2069 727 2129 deum.

96 2148 209 2229 linrpali
224 2152 352 2228 Nisique
366 2151 428 2212 lide
441 2152 504 2226 tibi,
519 2154 627 2227 Turne,
642 2154 738 2214 relata

130 2235 276 2296 credibile
291 2241 340 2296 est
353 2235 485 2296 lacrimis
499 2235 688 2298 inmaduisse
702 2251 809 2311 genas.

61 2316 143 2380 ttllst
154 2320 243 2380 etiam
258 2319 380 2380 miseris
394 2319 503 2395 pietas,
518 2319 592 2380 etin
607 2320 697 2381 hoste
711 2319 868 2395 probatur.

130 2402 163 2463 Ei
177 2403 259 2480 mihi,
276 2419 367 2478 quam
383 2419 511 2479 paucos,
526 2403 604 2464 haec
618 2418 686 2463 mea
700 2404 782 2463 dicta
796 2407 934 2462 moventt

95 2487 119 2546 ls
132 2493 227 2548 status
242 2494 292 2550 est
305 2501 408 2548 rerum
421 2503 503 2548 nunc
518 2494 549 2548 et
563 2488 685 2548 fortuna
698 2501 843 2556 mearum,

129 2571 243 2632 Debeat
258 2578 292 2632 ut
305 2569 438 2632 lacrimis
452 2573 555 2632 nullus
571 2571 684 2631 adesse
699 2569 820 2630 modus.

95 2655 129 2714 lt
140 2671 206 2715 mea
221 2663 304 2730 sunt,
320 2655 446 2730 proprio
461 2654 603 2731 quamvis
618 2652 824 2714 maestissima
839 2665 923 2726 casu,

61 2745 86 2798 n
128 2739 255 2800 Pectora
270 2754 423 2815 processu
437 2739 518 2800 lacta
532 2753 643 2799 serena
658 2745 721 2798 tue.

94 2823 152 2884 lloc
165 2830 346 2884 eventurum
360 2823 420 2882 iam
435 2830 515 2894 tunc,
532 2823 699 2896 carissime,
715 2820 787 2895 vidi,

126 2906 228 2968 Ferret
241 2906 345 2967 adhuc
359 2906 447 2967 istam
463 2923 531 2967 cum
547 2907 647 2967 minor
661 2921 736 2965 aura
750 2912 856 2965 ratem.

21 2991 23 3066 ,
96 2990 157 3050 Sive
170 2991 300 3066 aliquod
315 3006 442 3066 morum,
458 3005 515 3051 seu
529 2991 611 3050 vitae
624 2990 695 3050 labe
710 2989 843 3049 carentis

21 3111 22 3116 κ
127 3074 438 3152 capacensem
454 3074 551 3150 pluris
568 3074 716 3133 emendus
731 3072 802 3132 erit:

61 3157 229 3235 astrapen
244 3159 394 3235 ingenuas
409 3157 519 3234 aliquis
535 3164 629 3234 capnt
642 3157 750 3219 extulit
764 3163 879 3218 artes...

21 3281 22 3316 ;
48 3265 53 3280 ·
127 3241 284 3316 Quaelibet
298 3242 421 3318 eloquio
436 3242 471 3304 tit
483 3241 566 3301 bona
581 3256 677 3302 cansa
691 3247 754 3301 tun.

21 3337 22 3404 l
92 3325 138 3386 llis
152 3341 210 3402 ego
227 3333 398 3388 commotus
415 3325 479 3385 dixi
493 3325 548 3386 tibi
561 3325 701 3399 protinus
716 3323 777 3400 ipsi

21 3435 23 3510 q
126 3409 239 3470 ‘Scene
251 3417 355 3472 manet
369 3409 457 3470 dotes
472 3408 610 3484 grandis,
626 3408 732 3480 amice,
750 3412 844 3470 tuas?

21 3511 23 3572 ;
89 3493 165 3554 llaec
181 3493 254 3553 mihi
269 3509 331 3554 non
348 3493 450 3554 ovium
467 3492 563 3554 librae
578 3492 748 3552 tonitrusve
763 3490 886 3564 sinistri,

21 3587 22 3660 ,
57 3590 118 3635 nun
138 3577 187 3636 lll.
280 3580 284 3587 '
785 3582 803 3634 2
