2372 3928
143 251 205 314 248
530 245 785 308 Fasroltutu

230 402 292 464 Seu
308 403 381 477 quia
394 408 439 462 tot
455 400 555 476 digiti,
577 415 632 475 per
648 414 727 474 quos
742 414 904 459 numerare
917 398 1088 459 solemuss

273 484 335 547 Seu
351 486 424 560 quia
437 483 485 544 bis
500 484 593 560 quino
610 482 722 543 lemina
735 498 842 543 mense
855 482 950 557 paritz

164 581 215 634 125
230 569 292 631 Seu
309 570 393 644 quod
408 569 548 642 adusque
563 567 671 627 decem
685 581 812 627 numero
828 572 988 628 crescente
1005 565 1142 639 venitur,

269 653 454 728 Principium
468 651 576 726 spatiis
591 649 719 711 sumitur
733 650 805 710 inde
820 651 918 711 novis.

231 738 306 798 inde
320 742 424 813 patres
439 741 559 796 centurn
579 736 678 796 denos
692 734 824 794 secrevit
838 734 868 793 in
883 731 977 794 orbes

272 821 436 894 Romulus,
452 819 590 880 hastatos
605 817 796 892 instituitque
811 819 931 877 decem:

231 905 269 964 Et
283 902 583 984 totidemprinceps,
599 902 725 963 totidem
739 901 860 976 pilanus
874 899 1015 961 trahebat

166 995 218 1050 tito
273 988 417 1061 Corpora,
440 983 572 1062 legitimo
590 986 703 1061 quique
717 984 854 1044 merebat
867 997 959 1060 equo.

233 1071 310 1144 Quin
325 1071 413 1130 etiam
430 1076 533 1146 partes
549 1070 673 1130 totidem
687 1068 870 1129 Titiensibus
884 1069 947 1139 iile,

273 1155 420 1230 Quosque
434 1161 548 1214 vocant
561 1155 709 1227 Ramnes,
728 1151 959 1226 Luceribusque
974 1153 1082 1215 dedii.

232 1238 388 1298 Adsuetos
403 1237 493 1312 igitur
507 1251 649 1298 numeros
664 1237 799 1296 servavit
812 1235 842 1296 in
864 1250 954 1296 anno.

272 1321 338 1380 Hoc
352 1321 435 1396 luget
448 1320 549 1394 spatio
565 1319 677 1380 lomina
689 1325 807 1380 maesta
822 1319 927 1379 virum.

166 1413 214 1466 135
228 1405 294 1463 Neu
308 1403 445 1478 dubites,
469 1403 584 1478 primae
598 1403 710 1463 luerint
724 1403 797 1476 quin
813 1409 883 1463 ante
895 1401 1068 1464 Kalendae

274 1487 396 1560 MartiS,
412 1486 543 1548 adhaec
558 1487 689 1547 animum
705 1486 792 1562 signa
806 1488 920 1547 reierre
941 1491 1053 1562 potes.

233 1572 352 1632 Laurea
366 1569 539 1631 flaminibus
555 1586 636 1646 quae
651 1577 714 1632 toto
729 1570 860 1646 perstitit
873 1585 954 1630 anno

273 1653 411 1730 Tollitur,
427 1662 457 1715 et
472 1655 598 1714 lrondes
614 1660 684 1715 sunt
698 1655 728 1713 in
743 1655 862 1716 honore
876 1669 986 1714 norae.

234 1739 328 1799 Ianua
340 1747 412 1800 tuuc
425 1738 507 1814 regis
524 1738 626 1814 posita
639 1738 718 1798 viret
731 1737 841 1799 arbore
854 1736 985 1798 Phoebi:

165 1831 217 1886 140
270 1827 351 1883 Ante
365 1829 434 1884 tuas
449 1823 483 1883 iit
496 1823 586 1896 idem,
609 1822 692 1883 curia
708 1823 824 1897 prisca,
845 1822 937 1882 iores.

233 1908 331 1967 Vesta
345 1922 470 1981 quoque
485 1912 517 1966 ut
532 1907 604 1968 lolio
620 1906 713 1966 niteat
729 1906 831 1966 velata
843 1905 967 1980 recenti,

276 1988 364 2050 cedit
385 1988 422 2050 ab
438 1989 538 2051 Iliacis
554 1992 657 2051 laurea
672 2005 750 2050 cana
764 1990 853 2050 iocis.

233 2073 339 2146 Adde,
365 2074 449 2148 quod
462 2089 575 2134 arcana
588 2073 654 2134 ficri
669 2089 769 2134 novus
784 2073 863 2148 ignis
878 2071 908 2130 in
923 2071 1005 2131 aede

275 2157 397 2230 Dicitur,
420 2162 449 2214 et
464 2156 547 2216 vires
561 2156 684 2216 flamma
697 2158 813 2218 reiecta
829 2156 919 2231 capit.

167 2247 217 2300 145
232 2238 294 2298 Nec
309 2238 382 2298 mihi
397 2253 494 2314 parre
508 2239 596 2315 tides,
619 2255 717 2301 annos
732 2241 804 2301 hinc
818 2238 885 2301 isse
899 2237 1035 2315 priores,

275 2324 365 2383 Anna
380 2323 465 2397 quod
478 2322 539 2385 hoc
554 2330 665 2399 coepta
680 2330 728 2384 est
740 2338 847 2386 mense
860 2322 1001 2383 Perenna
1018 2324 1099 2384 coli.
1183 2403 1184 2406 Ἴ

234 2405 311 2467 ilinc
326 2407 416 2468 etiam
431 2414 554 2469 veteres
569 2407 633 2467 initi
648 2414 853 2469 memorantur
866 2405 1003 2467 honores

274 2492 325 2551 Ad
340 2491 472 2567 spatium
486 2490 573 2565 beili,
597 2491 715 2568 perfide
728 2491 839 2563 Poene,
863 2490 915 2550 tui.

233 2575 374 2651 Denique
390 2575 512 2650 quintus
529 2575 565 2636 ab
581 2575 641 2635 hoc
656 2575 754 2636 luerat
768 2573 921 2649 Quintilis,
944 2578 975 2633 et
988 2571 1075 2636 inde

167 2667 218 2719 150
275 2658 397 2734 Incipit,
414 2674 573 2720 enumero
588 2657 710 2720 nomina
725 2657 865 2734 quisquis
878 2655 980 2718 habet

233 2741 360 2814 Primus,
385 2739 532 2802 oliviferis
546 2743 675 2802 Romam
689 2742 839 2804 deductus
854 2740 892 2801 ab
907 2739 1003 2814 arvis,

275 2823 442 2900 Pompilius
457 2838 581 2886 menses
596 2825 693 2887 sensit
707 2825 820 2887 abesse
834 2825 929 2886 duos:

236 2907 309 2968 Sive
321 2908 381 2968 hoc
395 2923 415 2968 a
429 2907 532 2988 Samio
547 2909 667 2985 doctus,
683 2908 735 2986 qui
750 2923 846 2986 posse
860 2908 982 2968 renasci

276 2991 339 3053 Nos
360 2998 459 3068 putat,
477 2992 588 3069 Egeria
600 2993 667 3054 sive
681 2998 825 3061 monente
839 3007 905 3054 sua

166 3083 216 3136 155
231 3073 293 3136 Sed
308 3081 408 3136 tamen
423 3076 565 3137 errabant
578 3076 741 3138 etiamtunc
754 3083 910 3152 tempora,
932 3073 1041 3134 donec

277 3157 418 3220 Caesaris
433 3159 463 3220 in
478 3161 579 3221 multis
593 3159 670 3222 haec
685 3174 812 3236 quoque
826 3173 899 3220 cura
913 3157 978 3218 iuit

233 3241 300 3301 Non
316 3243 392 3302 lracc
407 3243 458 3303 ille
472 3243 550 3304 deus
564 3250 727 3320 tantaeque
741 3241 921 3319 propaginis
937 3245 1055 3302 auctor

277 3324 410 3387 Credidit
430 3326 540 3386 officiis
555 3341 627 3387 esse
640 3328 758 3389 minora
773 3326 849 3402 suis

234 3409 484 3484 promissumque
499 3407 557 3470 sibi
571 3411 668 3471 voluit
682 3424 888 3487 praenoscere
904 3407 1037 3482 caelum,

161 3500 215 3552 160
269 3493 332 3554 Nec
347 3494 424 3554 deus
440 3495 559 3568 ignotas
574 3493 690 3572 hospes
706 3494 780 3554 inire
796 3494 916 3554 domos.

1056 3009 1061 3018 ’
