2394 3940
135 195 140 206 '
182 203 246 272 104
618 201 761 264 narnis

309 357 364 431 Qui
379 354 471 414 miser
486 354 618 415 aunlera
633 359 711 414 teste
725 355 871 430 pependit
885 371 978 432 aqua.

267 441 329 502 Aut
347 446 381 500 ut
393 438 581 512 Achilliden,
597 444 728 512 cognato
743 439 865 498 nominc
879 441 1004 515 clarum,

201 533 256 588 300
310 522 467 600 Opprimat
480 521 583 582 hostili
598 521 699 596 tegula
713 522 791 582 iacta
806 537 908 583 manu.
1181 533 1182 544 ¹

268 607 331 667 Nec
344 613 412 680 tua,
430 620 523 681 quam
539 605 664 684 Pyrrhi,
681 605 800 665 felicius
816 622 892 666 ossa
906 606 1078 683 quiescant,

311 689 427 766 Sparsa
443 706 499 766 per
511 687 692 750 Ambracias
708 704 787 765 quae
799 688 921 750 iacuere
936 691 1012 750 vias.

266 774 405 851 Nataque
419 779 451 836 ut
463 772 619 834 Aeacidae
634 771 742 833 iaculis
757 773 897 834 moriaris
911 773 1045 834 adactisz

307 859 374 919 Non
389 858 461 918 licet
474 857 534 918 hoc
548 855 648 916 cereri
664 854 857 916 dissimulare
871 872 1002 918 sacrum.

203 955 256 1011 aaa
270 943 372 1018 thue
386 955 485 1017 nepos
501 939 573 1000 dicti
588 945 693 1000 nostro
708 940 800 1001 modo
817 939 950 1000 carmine
964 941 1048 1016 regis

310 1024 524 1086 Cantharidum
537 1037 632 1084 sucos
647 1021 740 1084 dante
754 1029 880 1098 parente
894 1022 993 1084 bibas.

267 1112 330 1170 Aut
344 1108 396 1184 pia
412 1114 442 1167 te
457 1121 551 1168 caeso
566 1107 684 1170 dicatur
697 1106 850 1181 adultera,
870 1107 951 1168 sicut
1041 1169 1045 1176 ,

309 1191 375 1266 Qua
388 1191 497 1252 cecidit
510 1191 634 1253 Leucon
652 1189 789 1264 vindice,
806 1191 887 1250 dieta
901 1191 952 1266 pia
968 1199 1025 1252 est.

267 1277 364 1352 Inque
378 1291 488 1353 pyram
501 1281 601 1336 tecum
615 1273 775 1335 carissima
790 1289 921 1350 corpora
935 1276 1047 1350 mittas,

204 1366 256 1421 310
313 1358 408 1432 Quem
422 1359 514 1418 finem
528 1359 609 1418 vitae
624 1357 853 1434 Sardanapalus
868 1357 969 1420 habet.

267 1443 369 1519 thue
382 1442 466 1504 lovis
480 1441 588 1519 Libyci
601 1445 747 1519 templum
761 1443 877 1506 violare
892 1449 1048 1518 paruolae,

308 1528 387 1586 Acta
401 1532 474 1587 noto
488 1529 588 1586 vultus
603 1527 717 1587 condat
731 1541 824 1586 arena
838 1533 918 1586 tuos.

267 1611 369 1686 thue
382 1615 559 1670 necatorum
572 1610 663 1670 Darei
680 1610 785 1670 lraude
801 1610 937 1681 secundi,

312 1694 364 1755 Sic
378 1700 430 1755 tua
444 1689 610 1755 subsidens
626 1692 753 1752 devoret
768 1709 822 1754 ora
838 1692 924 1752 cinis.

200 1779 253 1836 ³15
267 1780 329 1839 Aut
342 1784 375 1838 ut
390 1777 528 1838 olivifera
544 1776 700 1852 quondam
715 1775 850 1852 Sicyone
864 1775 1005 1850 prolecto
1020 1814 1021 1817 =

306 1861 352 1922 Sit
366 1861 460 1935 lrigus
475 1860 580 1921 mortis
597 1867 691 1920 causa
706 1859 864 1934 famesque
879 1866 959 1919 tuae.

265 1945 327 2005 Aul
340 1951 374 2004 ut
388 1945 542 2004 Atarnites
558 1943 677 2004 insutus
693 1943 772 2019 pelle
786 1942 908 2003 iuvenci

305 2028 445 2102 Turpiter
462 2028 502 2088 ad
517 2026 673 2087 dominum
689 2026 805 2102 praeda
820 2025 917 2086 ferare
931 2033 1027 2089 tuum.

266 2112 362 2184 Inque
377 2117 429 2170 tuo
444 2110 577 2170 thalamo
591 2111 649 2170 ritu
667 2111 804 2185 iugrdere
816 2108 953 2182 Pheraei,

199 2189 253 2246 320
310 2191 365 2265 Qui
381 2193 470 2252 datus
487 2201 534 2253 est
549 2194 609 2253 leto
626 2193 766 2268 coniugis
782 2209 857 2252 ense
872 2209 957 2254 suae.

267 2275 412 2351 Quosque
427 2282 517 2352 putas
532 2277 630 2350 fidos,
646 2284 680 2338 ul
692 2277 874 2338 Larissaeus
889 2277 1006 2338 Aleuas

305 2360 441 2420 Vulnere
456 2376 517 2421 non
532 2361 613 2422 fidos
630 2361 790 2437 experiare
805 2367 867 2421 tuo.

265 2444 365 2519 thue
379 2444 490 2518 Milon,
507 2445 565 2506 sub
581 2461 641 2522 quo
658 2444 793 2505 cruciata
808 2451 856 2504 est
869 2443 940 2504 Pisa
954 2449 1098 2522 tyranno,

302 2528 402 2590 Vivus
417 2531 447 2590 in
463 2533 599 2590 occultas
616 2528 827 2604 praecipiteris
843 2545 951 2602 aquas,

196 2615 249 2670 325
264 2611 410 2687 Quaeque
425 2613 455 2670 in
469 2612 664 2673 Adimantum
678 2611 811 2673 Phliasia
825 2627 922 2687 regna
931 2617 1086 2672 tenentem
1149 2640 1179 2652 -

302 2696 595 2767 alomannorum,
611 2702 641 2755 tc
656 2713 781 2772 quoquc
795 2697 855 2756 tela
870 2701 983 2771 petant.
1065 2717 1071 2726 ·

261 2778 324 2837 Aut
337 2783 369 2837 ut
382 2778 581 2839 Amastriacis
597 2779 752 2853 quondam
768 2779 909 2840 Lenaeus
924 2777 962 2839 nb
979 2780 1042 2841 oris

300 2860 407 2920 Nudus
422 2861 561 2922 Achillea
576 2863 750 2924 destituaris
765 2862 867 2924 humo.

260 2943 362 3018 thue
378 2945 425 3004 vel
438 2945 633 3022 Eurydamas
646 2953 692 3007 ter
707 2947 818 3009 circum
833 2944 926 3007 busta
938 2943 1095 3023 Thrasylli

195 3037 248 3092 330
301 3027 357 3086 Est
370 3027 542 3090 Larissaeis
556 3037 663 3106 raptus
678 3030 716 3090 ab
731 3030 821 3090 hoste
836 3031 920 3103 rotis,

262 3109 320 3168 Vel
337 3111 404 3185 qui,
422 3129 501 3188 quae
515 3113 614 3174 iuerat
628 3119 739 3174 tutatus
755 3113 878 3175 moenia
892 3128 997 3189 saepe,

304 3193 439 3269 Corpore
454 3195 595 3257 lustravit
609 3213 669 3257 non
686 3198 829 3260 diuturna
843 3213 911 3270 suo,

259 3275 362 3352 thue
376 3293 490 3339 novum
505 3295 601 3356 passa
616 3297 715 3355 genus
729 3280 975 3358 Hippomeneide
991 3294 1117 3355 poenae

299 3360 426 3422 Tractus
441 3363 472 3422 in
486 3362 604 3425 Actaea
618 3366 712 3425 lemur
725 3365 844 3427 adulter
857 3365 962 3438 humo,

189 3449 245 3505 335
260 3440 326 3515 Sic,
344 3444 396 3505 ubi
409 3446 474 3506 vila
487 3453 557 3507 tuos
572 3446 674 3508 invisa
687 3449 842 3524 reliquerit
855 3454 950 3519 artus,
