2450 3932
352 222 405 295 nv,
427 220 456 297 1,
479 220 594 300 00-0,
616 220 668 284 or.

127 375 283 438 Terribiles
298 374 367 435 aliis
382 372 628 452 inmemoresque
643 375 701 438 sui.

64 462 214 537 11900οι00
227 477 304 537 pars
320 473 432 519 causas
450 465 544 520 010οε
559 468 590 520 01
603 459 729 522 nomina
743 466 883 535 quaeret·

127 545 195 606 Pars
209 545 331 618 0010001,
355 543 497 619 quamvis
512 544 633 606 noverit
646 546 716 621 ipsa
730 557 849 620 parum.

94 631 158 704 ‘ilia
181 628 232 705 qui
247 627 377 688 Sidonio
393 627 489 703 fulget
502 629 640 690 sublimis
655 630 687 690 in
702 636 797 704 ostro,

125 715 187 774 Dux
202 713 302 773 iuerat
314 711 396 772 belli.
425 712 586 787 proximus
600 713 651 774 iile
666 713 747 774 duci.

95 799 148 872 llic,
169 797 221 873 qui
235 811 318 858 nunc
332 795 363 856 ia
378 795 471 857 humo
486 797 588 858 lumen
601 797 777 858 miserabile
791 797 864 874 figit,

67 893 91 947 11
131 883 192 942 lion
206 881 266 942 isto
282 880 369 942 vultu
382 895 451 940 cum
465 881 533 943 tulit
546 898 639 958 arma,
661 882 726 943 luit.

95 967 138 1026 llle
150 967 243 1040 lerox,
268 965 367 1030 oculis
382 971 413 1025 01
427 964 529 1028 adhuc
542 965 707 1028 hostilibus
722 965 843 1042 ardens,

127 1051 263 1112 Hortator
276 1065 400 1126 pugnae
414 1049 638 1128 consiliumque
652 1052 716 1114 luit.

96 1133 216 1196 Perfidus
230 1134 282 1195 hic
296 1140 420 1196 nostros
435 1134 558 1197 inclusit
571 1136 680 1199 frande
694 1137 840 1211 locorum,

129 1217 269 1296 Squalida
284 1218 428 1279 demissis
444 1219 495 1295 qui
506 1219 580 1296 tegit
593 1236 649 1282 000
662 1221 769 1281 comis.

67 1303 148 1377 111110,
165 1304 214 1379 qui
230 1303 378 1378 sequitur,
401 1302 506 1365 dicunt
518 1311 650 1366 mactata
663 1305 800 1366 ministro

130 1387 225 1463 Saepe
237 1386 393 1449 recusanti
408 1402 541 1465 corpora
556 1397 647 1466 capta
660 1390 731 1451 deo.

97 1471 141 1530 liic
152 1473 246 1546 lacus,
264 1471 297 1531 hi
311 1479 440 1547 montes,
458 1474 537 1534 haec
551 1480 596 1535 tot
610 1474 744 1549 castella,
765 1481 810 1535 tot
824 1487 929 1533 amnes

127 1555 212 1616 Plena
227 1557 311 1617 ierac
326 1556 442 1632 caedis,
464 1559 557 1634 plena
572 1558 689 1618 cruoris
703 1566 799 1623 erant.
889 1599 893 1604 -

97 1639 197 1701 Drusus
211 1639 243 1700 in
257 1640 307 1700 his
321 1642 431 1701 meruit
445 1642 601 1718 quondam
616 1639 911 1717 cognominaberis,

67 1730 91 1786 lt
128 1723 203 1798 Quae
216 1724 301 1785 bona
313 1727 487 1802 progenies,
510 1726 604 1803 digna
617 1732 754 1802 parente,
776 1725 852 1786 tulit

97 1807 227 1871 cornibus
241 1809 293 1870 hic
307 1810 411 1871 fractis
425 1811 515 1872 viridi
529 1813 609 1872 male
623 1816 721 1871 tectus
736 1810 775 1869 ab
789 1810 869 1882 ulva,

32 1941 33 1944 ,
126 1892 251 1954 Decolor
265 1894 334 1969 ipse
350 1911 407 1956 suo
423 1895 574 1971 sanguine
587 1895 713 1956 Rhenus
729 1900 803 1955 erat.

96 1974 219 2039 crinibus
234 1994 273 2038 en
289 1977 379 2039 etiam
395 1981 490 2041 100100
504 1978 666 2040 Germania
679 1979 793 2054 passis,

125 2061 158 2122 Et
171 2063 258 2124 ducis
273 2062 377 2124 invicti
392 2064 450 2144 sub
464 2063 546 2140 pede
561 2068 679 2124 maesta
693 2064 790 2138 sedet,

67 2147 88 2202 11
97 2144 225 2228 Collaque
238 2147 397 2208 Romanae
411 2148 565 2224 praebens
581 2148 721 2210 animosa
734 2147 835 2209 securi

124 2231 803 2308 mmewmmmm’

94 2313 147 2375 llos
158 2333 249 2392 super
263 2316 295 2376 in
310 2332 411 2390 curru,
434 2317 556 2392 Caesar,
578 2317 696 2377 victore
714 2314 836 2377 veheris

125 2398 292 2475 Purpureus
307 2401 416 2477 populi
429 2401 487 2461 rite
503 2417 559 2479 per
571 2417 627 2463 ora
639 2401 698 2460 tuiz

96 2481 204 2560 Quaque
217 2484 288 2557 ibis,
309 2484 451 2546 manibus
467 2483 731 2561 circumplaudere
744 2489 876 2554 tuorum,

67 2576 90 2628 tc
128 2567 270 2643 numque,
278 2569 390 2630 iactato
405 2568 483 2629 llore
496 2576 618 2645 tegente
631 2569 710 2628 vias.

33 2721 35 2734 .
94 2651 227 2726 Tempora
239 2652 384 2714 Phoebea
398 2654 484 2713 lauro
500 2654 667 2729 cingentur,
688 2652 814 2728 ‘lo'que

33 2777 34 2782 1
124 2735 214 2810 Miles,
237 2735 305 2812 ‘Io,’
327 2753 439 2813 magria
452 2753 540 2812 voce,
562 2736 750 2812 ‘Triumphe’
766 2741 863 2795 canet.

33 2831 35 2884 1
93 2816 151 2891 lpse
164 2835 240 2881 sono
255 2821 430 2896 plausuque
444 2821 535 2883 simul
550 2820 731 2897 fremituque
746 2820 880 2881 calentes

125 2902 321 2980 Quadriiugos
336 2919 444 2966 cernes
459 2921 554 2981 saepe
567 2905 713 2965 resistere
727 2919 836 2979 equos.

34 3003 35 3060 j
67 2988 88 3040 11
96 2984 157 3047 lnde
170 2995 256 3064 petes
271 3004 383 3063 arcem,
406 2989 535 3050 delubra
548 2989 683 3050 faventia
697 2988 789 3062 valis,

34 3069 35 3146 l
124 3069 157 3130 Et
170 3073 291 3133 dabitur
304 3072 411 3136 merito
426 3074 532 3136 laurea
545 3081 619 3134 vota
632 3073 708 3135 Iovi.

34 3165 35 3240 1
91 3151 161 3214 Haec
175 3171 232 3232 ego
248 3164 429 3233 summotus,
451 3176 512 3233 qua
526 3174 666 3234 possum,
686 3162 788 3218 mente
802 3153 933 3218 videbo·

34 3245 36 3276 1
122 3238 220 3316 lirepti
233 3240 325 3302 nobis
339 3241 388 3303 ius
402 3242 495 3304 habet
509 3242 562 3303 illa
575 3242 645 3304 loci.

34 3317 35 3396 ζ
90 3318 134 3383 110
146 3339 201 3399 per
213 3326 370 3387 inmensas
388 3327 538 3403 spatiatim
550 3325 647 3387 libera
660 3333 769 3401 terras,

34 3397 36 3518 l
65 3402 87 3456 il
126 3405 158 3466 In
173 3410 290 3471 caelum
305 3411 397 3471 celeri
410 3411 551 3511 pervenit
565 3409 618 3472 illa
631 3409 692 3510 via.

34 3523 38 3704 ,
90 3485 230 3555 illameos
245 3495 354 3560 oculos
370 3495 501 3558 inediam
517 3494 650 3560 deducet
663 3511 694 3556 m
708 3493 831 3570 Urbem,-
915 3540 917 3544 ,
1039 3531 1041 3534 -
