<?xml version="1.0" encoding="UTF-8"?>
<!DOCTYPE html PUBLIC "-//W3C//DTD XHTML 1.0 Transitional//EN"
    "http://www.w3.org/TR/xhtml1/DTD/xhtml1-transitional.dtd">
<html xmlns="http://www.w3.org/1999/xhtml" xml:lang="en" lang="en">
 <head>
  <title>
</title>
<meta http-equiv="Content-Type" content="text/html;charset=utf-8" />
  <meta name='ocr-system' content='tesseract 3.04.00' />
  <meta name='ocr-capabilities' content='ocr_page ocr_carea ocr_par ocr_line ocrx_word'/>
</head>
<body>
  <div class='ocr_page' id='page_1' title='image "./povidiusnaso00goog_0037.png"; bbox 0 0 2450 3932; ppageno 0'>
   <div class='ocr_carea' id='block_1_1' title="bbox 551 203 780 270">
    <p class='ocr_par' dir='ltr' id='par_1_1' title="bbox 551 203 780 270">
     <span class='ocr_line' id='line_1_1' title="bbox 551 203 780 270; baseline -0.026 0"><span class='ocrx_word' id='word_1_1' title='bbox 551 203 780 270; x_wconf 85' lang='lat' dir='ltr'>TRISTIUM</span> 
     </span>
    </p>
   </div>
   <div class='ocr_carea' id='block_1_2' title="bbox 177 357 1151 2959">
    <p class='ocr_par' dir='ltr' id='par_1_2' title="bbox 177 357 1151 2959">
     <span class='ocr_line' id='line_1_2' title="bbox 278 357 1000 440; baseline -0.018 -14"><span class='ocrx_word' id='word_1_2' title='bbox 278 366 342 426; x_wconf 87' lang='lat' dir='ltr'>Nec</span> <span class='ocrx_word' id='word_1_3' title='bbox 358 363 521 440; x_wconf 90' lang='lat' dir='ltr'>quisquam</span> <span class='ocrx_word' id='word_1_4' title='bbox 535 360 635 436; x_wconf 84' lang='lat' dir='ltr'>patria</span> <span class='ocrx_word' id='word_1_5' title='bbox 649 359 771 434; x_wconf 83' lang='lat' dir='ltr'>longius</span> <span class='ocrx_word' id='word_1_6' title='bbox 787 360 857 418; x_wconf 85' lang='lat' dir='ltr'>exul</span> <span class='ocrx_word' id='word_1_7' title='bbox 872 357 960 418; x_wconf 74' lang='lat' dir='ltr'>alresr</span> <span class='ocrx_word' id='word_1_8' title='bbox 997 374 1000 380; x_wconf 61' lang='lat'><strong><em>¹</em></strong></span> 
     </span>
     <span class='ocr_line' id='line_1_3' title="bbox 237 441 1009 522; baseline -0.01 -12"><span class='ocrx_word' id='word_1_9' title='bbox 237 449 329 511; x_wconf 90' lang='lat' dir='ltr'>Solus</span> <span class='ocrx_word' id='word_1_10' title='bbox 345 449 383 509; x_wconf 90' lang='lat' dir='ltr'>ad</span> <span class='ocrx_word' id='word_1_11' title='bbox 398 461 544 522; x_wconf 77' lang='lat' dir='ltr'>egressus</span> <span class='ocrx_word' id='word_1_12' title='bbox 559 444 673 505; x_wconf 92' lang='lat' dir='ltr'>missus</span> <span class='ocrx_word' id='word_1_13' title='bbox 689 441 900 519; x_wconf 88' lang='lat' dir='ltr'>septemplicis</span> <span class='ocrx_word' id='word_1_14' title='bbox 915 441 1009 502; x_wconf 86' lang='lat' dir='ltr'>llistn</span> 
     </span>
     <span class='ocr_line' id='line_1_4' title="bbox 178 526 945 605; baseline -0.016 -9"><span class='ocrx_word' id='word_1_15' title='bbox 178 541 232 598; x_wconf 83' lang='lat'>19⁰</span> <span class='ocrx_word' id='word_1_16' title='bbox 282 531 464 593; x_wconf 87' lang='lat' dir='ltr'>Parrhasiae</span> <span class='ocrx_word' id='word_1_17' title='bbox 478 527 580 605; x_wconf 83' lang='lat' dir='ltr'>gelido</span> <span class='ocrx_word' id='word_1_18' title='bbox 596 526 722 602; x_wconf 82' lang='lat' dir='ltr'>virginis</span> <span class='ocrx_word' id='word_1_19' title='bbox 738 541 797 586; x_wconf 87' lang='lat' dir='ltr'>axe</span> <span class='ocrx_word' id='word_1_20' title='bbox 812 541 945 602; x_wconf 89' lang='lat' dir='ltr'>premor.</span> 
     </span>
     <span class='ocr_line' id='line_1_5' title="bbox 188 609 1022 696; baseline -0.012 -18"><span class='ocrx_word' id='word_1_21' title='bbox 188 618 371 696; x_wconf 74' lang='lat' dir='ltr'>-lazyges</span> <span class='ocrx_word' id='word_1_22' title='bbox 387 623 417 676; x_wconf 87' lang='lat' dir='ltr'>et</span> <span class='ocrx_word' id='word_1_23' title='bbox 432 613 536 676; x_wconf 85' lang='lat' dir='ltr'>Colchi</span> <span class='ocrx_word' id='word_1_24' title='bbox 550 612 747 684; x_wconf 87' lang='lat' dir='ltr'>Metereaque</span> <span class='ocrx_word' id='word_1_25' title='bbox 761 609 851 670; x_wconf 87' lang='lat' dir='ltr'>turba</span> <span class='ocrx_word' id='word_1_26' title='bbox 865 609 1022 684; x_wconf 78' lang='lat' dir='ltr'>Getaeque</span> 
     </span>
     <span class='ocr_line' id='line_1_6' title="bbox 188 695 935 771; baseline -0.012 -10"><span class='ocrx_word' id='word_1_27' title='bbox 188 735 231 746; x_wconf 93' lang='lat'><em>-</em></span> <span class='ocrx_word' id='word_1_28' title='bbox 284 699 415 763; x_wconf 81' lang='lat' dir='ltr'>Danubii</span> <span class='ocrx_word' id='word_1_29' title='bbox 430 697 539 759; x_wconf 90' lang='lat' dir='ltr'>mediis</span> <span class='ocrx_word' id='word_1_30' title='bbox 555 696 609 756; x_wconf 84' lang='lat' dir='ltr'>vix</span> <span class='ocrx_word' id='word_1_31' title='bbox 624 695 822 771; x_wconf 88' lang='lat' dir='ltr'>prohibentur</span> <span class='ocrx_word' id='word_1_32' title='bbox 835 695 935 769; x_wconf 89' lang='lat' dir='ltr'>aquis.</span> 
     </span>
     <span class='ocr_line' id='line_1_7' title="bbox 242 778 974 860; baseline -0.01 -14"><span class='ocrx_word' id='word_1_33' title='bbox 242 785 379 860; x_wconf 85' lang='lat' dir='ltr'>Cumque</span> <span class='ocrx_word' id='word_1_34' title='bbox 394 783 444 844; x_wconf 90' lang='lat' dir='ltr'>alii</span> <span class='ocrx_word' id='word_1_35' title='bbox 459 797 556 843; x_wconf 88' lang='lat' dir='ltr'>causa</span> <span class='ocrx_word' id='word_1_36' title='bbox 569 779 623 840; x_wconf 88' lang='lat' dir='ltr'>tibi</span> <span class='ocrx_word' id='word_1_37' title='bbox 638 780 699 840; x_wconf 90' lang='lat' dir='ltr'>sint</span> <span class='ocrx_word' id='word_1_38' title='bbox 713 779 856 854; x_wconf 81' lang='lat' dir='ltr'>graviore</span> <span class='ocrx_word' id='word_1_39' title='bbox 871 778 974 854; x_wconf 80' lang='lat' dir='ltr'>iugali,</span> 
     </span>
     <span class='ocr_line' id='line_1_8' title="bbox 281 863 979 941; baseline -0.016 -12"><span class='ocrx_word' id='word_1_40' title='bbox 281 868 415 929; x_wconf 80' lang='lat' dir='ltr'>Ulterior</span> <span class='ocrx_word' id='word_1_41' title='bbox 427 866 510 939; x_wconf 91' lang='lat' dir='ltr'>nulli,</span> <span class='ocrx_word' id='word_1_42' title='bbox 534 880 626 941; x_wconf 89' lang='lat' dir='ltr'>quam</span> <span class='ocrx_word' id='word_1_43' title='bbox 640 863 721 935; x_wconf 88' lang='lat' dir='ltr'>mihi,</span> <span class='ocrx_word' id='word_1_44' title='bbox 741 871 821 924; x_wconf 88' lang='lat' dir='ltr'>terra</span> <span class='ocrx_word' id='word_1_45' title='bbox 835 864 908 924; x_wconf 88' lang='lat' dir='ltr'>data</span> <span class='ocrx_word' id='word_1_46' title='bbox 923 866 979 924; x_wconf 84' lang='lat' dir='ltr'>esi.</span> 
     </span>
     <span class='ocr_line' id='line_1_9' title="bbox 177 943 1103 1028; baseline -0.011 -12"><span class='ocrx_word' id='word_1_47' title='bbox 177 959 228 1017; x_wconf 78' lang='lat'>195</span> <span class='ocrx_word' id='word_1_48' title='bbox 238 953 373 1028; x_wconf 79' lang='lat' dir='ltr'>Longius</span> <span class='ocrx_word' id='word_1_49' title='bbox 388 952 447 1012; x_wconf 87' lang='lat' dir='ltr'>hac</span> <span class='ocrx_word' id='word_1_50' title='bbox 461 950 536 1010; x_wconf 85' lang='lat' dir='ltr'>nihil</span> <span class='ocrx_word' id='word_1_51' title='bbox 551 955 607 1024; x_wconf 89' lang='lat' dir='ltr'>est,</span> <span class='ocrx_word' id='word_1_52' title='bbox 630 947 690 1008; x_wconf 88' lang='lat' dir='ltr'>nisi</span> <span class='ocrx_word' id='word_1_53' title='bbox 704 954 820 1008; x_wconf 87' lang='lat' dir='ltr'>tantum</span> <span class='ocrx_word' id='word_1_54' title='bbox 835 947 932 1024; x_wconf 77' lang='lat' dir='ltr'>frigus</span> <span class='ocrx_word' id='word_1_55' title='bbox 947 953 978 1007; x_wconf 90' lang='lat' dir='ltr'>el</span> <span class='ocrx_word' id='word_1_56' title='bbox 989 943 1103 1021; x_wconf 85' lang='lat' dir='ltr'>hostis,</span> 
     </span>
     <span class='ocr_line' id='line_1_10' title="bbox 280 1032 930 1108; baseline -0.011 -12"><span class='ocrx_word' id='word_1_57' title='bbox 280 1037 319 1096; x_wconf 85' lang='lat' dir='ltr'>Et</span> <span class='ocrx_word' id='word_1_58' title='bbox 332 1036 425 1095; x_wconf 89' lang='lat' dir='ltr'>maris</span> <span class='ocrx_word' id='word_1_59' title='bbox 440 1034 565 1094; x_wconf 87' lang='lat' dir='ltr'>astricto</span> <span class='ocrx_word' id='word_1_60' title='bbox 581 1047 662 1108; x_wconf 89' lang='lat' dir='ltr'>quae</span> <span class='ocrx_word' id='word_1_61' title='bbox 676 1032 738 1094; x_wconf 89' lang='lat' dir='ltr'>coit</span> <span class='ocrx_word' id='word_1_62' title='bbox 750 1032 835 1094; x_wconf 89' lang='lat' dir='ltr'>unda</span> <span class='ocrx_word' id='word_1_63' title='bbox 849 1032 930 1108; x_wconf 79' lang='lat' dir='ltr'>gelu.</span> 
     </span>
     <span class='ocr_line' id='line_1_11' title="bbox 241 1115 968 1192; baseline -0.014 -9"><span class='ocrx_word' id='word_1_64' title='bbox 241 1121 396 1182; x_wconf 82' lang='lat' dir='ltr'>Hactenus</span> <span class='ocrx_word' id='word_1_65' title='bbox 412 1117 524 1178; x_wconf 84' lang='lat' dir='ltr'>Euxini</span> <span class='ocrx_word' id='word_1_66' title='bbox 538 1133 613 1192; x_wconf 90' lang='lat' dir='ltr'>pars</span> <span class='ocrx_word' id='word_1_67' title='bbox 629 1124 677 1178; x_wconf 90' lang='lat' dir='ltr'>est</span> <span class='ocrx_word' id='word_1_68' title='bbox 689 1117 829 1178; x_wconf 91' lang='lat' dir='ltr'>Romana</span> <span class='ocrx_word' id='word_1_69' title='bbox 842 1115 968 1177; x_wconf 88' lang='lat' dir='ltr'>sinistri.</span> 
     </span>
     <span class='ocr_line' id='line_1_12' title="bbox 275 1200 1005 1276; baseline -0.01 -12"><span class='ocrx_word' id='word_1_70' title='bbox 275 1203 419 1264; x_wconf 89' lang='lat' dir='ltr'>Proxima</span> <span class='ocrx_word' id='word_1_71' title='bbox 431 1203 601 1262; x_wconf 79' lang='lat' dir='ltr'>Basternae</span> <span class='ocrx_word' id='word_1_72' title='bbox 615 1200 878 1276; x_wconf 71' lang='lat' dir='ltr'>Sauromataeque</span> <span class='ocrx_word' id='word_1_73' title='bbox 892 1206 1005 1261; x_wconf 87' lang='lat' dir='ltr'>tenent.</span> 
     </span>
     <span class='ocr_line' id='line_1_13' title="bbox 238 1285 1014 1360; baseline -0.008 -12"><span class='ocrx_word' id='word_1_74' title='bbox 238 1289 322 1348; x_wconf 85' lang='lat' dir='ltr'>Haec</span> <span class='ocrx_word' id='word_1_75' title='bbox 338 1294 385 1347; x_wconf 89' lang='lat' dir='ltr'>est</span> <span class='ocrx_word' id='word_1_76' title='bbox 397 1286 539 1348; x_wconf 80' lang='lat' dir='ltr'>Ausonio</span> <span class='ocrx_word' id='word_1_77' title='bbox 553 1285 611 1347; x_wconf 89' lang='lat' dir='ltr'>sub</span> <span class='ocrx_word' id='word_1_78' title='bbox 626 1286 692 1346; x_wconf 91' lang='lat' dir='ltr'>iure</span> <span class='ocrx_word' id='word_1_79' title='bbox 705 1285 884 1360; x_wconf 89' lang='lat' dir='ltr'>novissima,</span> <span class='ocrx_word' id='word_1_80' title='bbox 899 1285 1014 1360; x_wconf 83' lang='lat' dir='ltr'>vixque</span> 
     </span>
     <span class='ocr_line' id='line_1_14' title="bbox 177 1369 887 1446; baseline -0.013 -10"><span class='ocrx_word' id='word_1_81' title='bbox 177 1381 230 1436; x_wconf 69' lang='lat'>200</span> <span class='ocrx_word' id='word_1_82' title='bbox 283 1372 396 1432; x_wconf 88' lang='lat' dir='ltr'>Haeret</span> <span class='ocrx_word' id='word_1_83' title='bbox 410 1371 440 1430; x_wconf 91' lang='lat' dir='ltr'>in</span> <span class='ocrx_word' id='word_1_84' title='bbox 456 1370 576 1446; x_wconf 90' lang='lat' dir='ltr'>imperii</span> <span class='ocrx_word' id='word_1_85' title='bbox 590 1369 727 1445; x_wconf 81' lang='lat' dir='ltr'>margine</span> <span class='ocrx_word' id='word_1_86' title='bbox 740 1377 821 1430; x_wconf 90' lang='lat' dir='ltr'>terra</span> <span class='ocrx_word' id='word_1_87' title='bbox 833 1369 887 1430; x_wconf 91' lang='lat' dir='ltr'>tui.</span> 
     </span>
     <span class='ocr_line' id='line_1_15' title="bbox 240 1453 1008 1532; baseline -0.005 -16"><span class='ocrx_word' id='word_1_88' title='bbox 240 1454 329 1516; x_wconf 91' lang='lat' dir='ltr'>Unde</span> <span class='ocrx_word' id='word_1_89' title='bbox 345 1469 456 1531; x_wconf 91' lang='lat' dir='ltr'>precor</span> <span class='ocrx_word' id='word_1_90' title='bbox 469 1456 613 1532; x_wconf 85' lang='lat' dir='ltr'>supplex,</span> <span class='ocrx_word' id='word_1_91' title='bbox 634 1461 668 1515; x_wconf 86' lang='lat' dir='ltr'>ut</span> <span class='ocrx_word' id='word_1_92' title='bbox 681 1470 739 1514; x_wconf 92' lang='lat' dir='ltr'>nos</span> <span class='ocrx_word' id='word_1_93' title='bbox 753 1455 785 1514; x_wconf 90' lang='lat' dir='ltr'>in</span> <span class='ocrx_word' id='word_1_94' title='bbox 799 1460 865 1516; x_wconf 89' lang='lat' dir='ltr'>tuta</span> <span class='ocrx_word' id='word_1_95' title='bbox 878 1453 1008 1530; x_wconf 81' lang='lat' dir='ltr'>releges,</span> 
     </span>
     <span class='ocr_line' id='line_1_16' title="bbox 275 1536 1041 1615; baseline -0.007 -15"><span class='ocrx_word' id='word_1_96' title='bbox 275 1536 320 1600; x_wconf 88' lang='lat' dir='ltr'>Ne</span> <span class='ocrx_word' id='word_1_97' title='bbox 336 1541 376 1600; x_wconf 90' lang='lat' dir='ltr'>sit</span> <span class='ocrx_word' id='word_1_98' title='bbox 389 1555 458 1600; x_wconf 89' lang='lat' dir='ltr'>cum</span> <span class='ocrx_word' id='word_1_99' title='bbox 473 1540 570 1615; x_wconf 88' lang='lat' dir='ltr'>patria</span> <span class='ocrx_word' id='word_1_100' title='bbox 585 1554 648 1615; x_wconf 87' lang='lat' dir='ltr'>pax</span> <span class='ocrx_word' id='word_1_101' title='bbox 663 1553 789 1613; x_wconf 91' lang='lat' dir='ltr'>quoque</span> <span class='ocrx_word' id='word_1_102' title='bbox 803 1539 947 1614; x_wconf 88' lang='lat' dir='ltr'>adempta</span> <span class='ocrx_word' id='word_1_103' title='bbox 959 1536 1041 1606; x_wconf 87' lang='lat' dir='ltr'>milri,</span> 
     </span>
     <span class='ocr_line' id='line_1_17' title="bbox 240 1620 1142 1700; baseline -0.004 -17"><span class='ocrx_word' id='word_1_104' title='bbox 240 1624 285 1684; x_wconf 86' lang='lat' dir='ltr'>Ne</span> <span class='ocrx_word' id='word_1_105' title='bbox 299 1624 422 1684; x_wconf 89' lang='lat' dir='ltr'>timeam</span> <span class='ocrx_word' id='word_1_106' title='bbox 435 1630 552 1700; x_wconf 84' lang='lat' dir='ltr'>gentes,</span> <span class='ocrx_word' id='word_1_107' title='bbox 576 1639 653 1698; x_wconf 88' lang='lat' dir='ltr'>quas</span> <span class='ocrx_word' id='word_1_108' title='bbox 670 1638 731 1683; x_wconf 90' lang='lat' dir='ltr'>non</span> <span class='ocrx_word' id='word_1_109' title='bbox 746 1621 826 1683; x_wconf 89' lang='lat' dir='ltr'>bene</span> <span class='ocrx_word' id='word_1_110' title='bbox 841 1627 1014 1684; x_wconf 89' lang='lat' dir='ltr'>summovet</span> <span class='ocrx_word' id='word_1_111' title='bbox 1026 1620 1142 1694; x_wconf 82' lang='lat' dir='ltr'>Hister,</span> 
     </span>
     <span class='ocr_line' id='line_1_18' title="bbox 278 1705 927 1784; baseline -0.005 -17"><span class='ocrx_word' id='word_1_112' title='bbox 278 1709 362 1769; x_wconf 86' lang='lat' dir='ltr'>Neve</span> <span class='ocrx_word' id='word_1_113' title='bbox 379 1715 447 1769; x_wconf 90' lang='lat' dir='ltr'>tuus</span> <span class='ocrx_word' id='word_1_114' title='bbox 463 1708 582 1784; x_wconf 89' lang='lat' dir='ltr'>possim</span> <span class='ocrx_word' id='word_1_115' title='bbox 597 1707 674 1768; x_wconf 86' lang='lat' dir='ltr'>civis</span> <span class='ocrx_word' id='word_1_116' title='bbox 689 1706 728 1767; x_wconf 90' lang='lat' dir='ltr'>ab</span> <span class='ocrx_word' id='word_1_117' title='bbox 742 1705 833 1768; x_wconf 90' lang='lat' dir='ltr'>hoste</span> <span class='ocrx_word' id='word_1_118' title='bbox 848 1706 927 1782; x_wconf 88' lang='lat' dir='ltr'>capi.</span> 
     </span>
     <span class='ocr_line' id='line_1_19' title="bbox 177 1789 1098 1870; baseline -0.004 -16"><span class='ocrx_word' id='word_1_119' title='bbox 177 1799 229 1854; x_wconf 71' lang='lat'>205</span> <span class='ocrx_word' id='word_1_120' title='bbox 240 1791 299 1853; x_wconf 85' lang='lat' dir='ltr'>Fas</span> <span class='ocrx_word' id='word_1_121' title='bbox 315 1792 457 1870; x_wconf 89' lang='lat' dir='ltr'>prohibet</span> <span class='ocrx_word' id='word_1_122' title='bbox 471 1793 556 1854; x_wconf 88' lang='lat' dir='ltr'>Latio</span> <span class='ocrx_word' id='word_1_123' title='bbox 574 1807 758 1869; x_wconf 86' lang='lat' dir='ltr'>quemquam</span> <span class='ocrx_word' id='word_1_124' title='bbox 773 1792 812 1854; x_wconf 91' lang='lat' dir='ltr'>de</span> <span class='ocrx_word' id='word_1_125' title='bbox 827 1789 976 1866; x_wconf 81' lang='lat' dir='ltr'>sanguine</span> <span class='ocrx_word' id='word_1_126' title='bbox 991 1795 1098 1851; x_wconf 91' lang='lat' dir='ltr'>natum</span> 
     </span>
     <span class='ocr_line' id='line_1_20' title="bbox 284 1875 969 1952; baseline -0.01 -15"><span class='ocrx_word' id='word_1_127' title='bbox 284 1877 467 1939; x_wconf 85' lang='lat' dir='ltr'>Caesaribus</span> <span class='ocrx_word' id='word_1_128' title='bbox 483 1879 578 1938; x_wconf 90' lang='lat' dir='ltr'>salvis</span> <span class='ocrx_word' id='word_1_129' title='bbox 592 1875 724 1937; x_wconf 87' lang='lat' dir='ltr'>barbara</span> <span class='ocrx_word' id='word_1_130' title='bbox 738 1875 840 1938; x_wconf 85' lang='lat' dir='ltr'>vincla</span> <span class='ocrx_word' id='word_1_131' title='bbox 853 1875 926 1952; x_wconf 87' lang='lat' dir='ltr'>pati.</span> <span class='ocrx_word' id='word_1_132' title='bbox 965 1925 969 1930; x_wconf 88' lang='lat'><em>.</em></span> 
     </span>
     <span class='ocr_line' id='line_1_21' title="bbox 238 1960 1106 2033; baseline 0 -13"><span class='ocrx_word' id='word_1_133' title='bbox 238 1961 429 2021; x_wconf 87' lang='lat' dir='ltr'>Perdiderint</span> <span class='ocrx_word' id='word_1_134' title='bbox 444 1979 512 2022; x_wconf 88' lang='lat' dir='ltr'>cum</span> <span class='ocrx_word' id='word_1_135' title='bbox 528 1977 576 2020; x_wconf 91' lang='lat' dir='ltr'>me</span> <span class='ocrx_word' id='word_1_136' title='bbox 592 1961 653 2022; x_wconf 92' lang='lat' dir='ltr'>dno</span> <span class='ocrx_word' id='word_1_137' title='bbox 670 1960 804 2031; x_wconf 91' lang='lat' dir='ltr'>crimina,</span> <span class='ocrx_word' id='word_1_138' title='bbox 827 1975 949 2020; x_wconf 88' lang='lat' dir='ltr'>carmen</span> <span class='ocrx_word' id='word_1_139' title='bbox 964 1965 994 2020; x_wconf 90' lang='lat' dir='ltr'>et</span> <span class='ocrx_word' id='word_1_140' title='bbox 1008 1975 1106 2033; x_wconf 91' lang='lat' dir='ltr'>error,</span> 
     </span>
     <span class='ocr_line' id='line_1_22' title="bbox 279 2043 843 2120; baseline -0.005 -16"><span class='ocrx_word' id='word_1_141' title='bbox 279 2045 413 2104; x_wconf 88' lang='lat' dir='ltr'>Alterius</span> <span class='ocrx_word' id='word_1_142' title='bbox 429 2046 500 2105; x_wconf 88' lang='lat' dir='ltr'>lacti</span> <span class='ocrx_word' id='word_1_143' title='bbox 516 2047 606 2120; x_wconf 89' lang='lat' dir='ltr'>culpa</span> <span class='ocrx_word' id='word_1_144' title='bbox 621 2043 740 2106; x_wconf 91' lang='lat' dir='ltr'>silenda</span> <span class='ocrx_word' id='word_1_145' title='bbox 755 2043 843 2120; x_wconf 74' lang='lat' dir='ltr'>milri:</span> 
     </span>
     <span class='ocr_line' id='line_1_23' title="bbox 239 2127 1151 2204; baseline -0.001 -17"><span class='ocrx_word' id='word_1_146' title='bbox 239 2127 314 2188; x_wconf 90' lang='lat' dir='ltr'>Nam</span> <span class='ocrx_word' id='word_1_147' title='bbox 329 2144 391 2188; x_wconf 92' lang='lat' dir='ltr'>non</span> <span class='ocrx_word' id='word_1_148' title='bbox 407 2145 474 2188; x_wconf 92' lang='lat' dir='ltr'>sum</span> <span class='ocrx_word' id='word_1_149' title='bbox 488 2127 570 2204; x_wconf 87' lang='lat' dir='ltr'>tanti,</span> <span class='ocrx_word' id='word_1_150' title='bbox 591 2145 738 2190; x_wconf 88' lang='lat' dir='ltr'>renovem</span> <span class='ocrx_word' id='word_1_151' title='bbox 753 2136 786 2190; x_wconf 94' lang='lat' dir='ltr'>ut</span> <span class='ocrx_word' id='word_1_152' title='bbox 799 2135 851 2188; x_wconf 88' lang='lat' dir='ltr'>tua</span> <span class='ocrx_word' id='word_1_153' title='bbox 864 2129 1000 2204; x_wconf 88' lang='lat' dir='ltr'>vulnera,</span> <span class='ocrx_word' id='word_1_154' title='bbox 1023 2127 1151 2204; x_wconf 81' lang='lat' dir='ltr'>Caesar,</span> 
     </span>
     <span class='ocr_line' id='line_1_24' title="bbox 177 2211 970 2296; baseline -0.003 -23"><span class='ocrx_word' id='word_1_155' title='bbox 177 2220 231 2273; x_wconf 77' lang='lat' dir='ltr'>alo</span> <span class='ocrx_word' id='word_1_156' title='bbox 283 2212 378 2285; x_wconf 86' lang='lat' dir='ltr'>Quem</span> <span class='ocrx_word' id='word_1_157' title='bbox 392 2211 484 2272; x_wconf 90' lang='lat' dir='ltr'>nimio</span> <span class='ocrx_word' id='word_1_158' title='bbox 501 2213 571 2288; x_wconf 92' lang='lat' dir='ltr'>plus</span> <span class='ocrx_word' id='word_1_159' title='bbox 589 2221 637 2274; x_wconf 89' lang='lat' dir='ltr'>est</span> <span class='ocrx_word' id='word_1_160' title='bbox 651 2212 822 2274; x_wconf 89' lang='lat' dir='ltr'>indoluisse</span> <span class='ocrx_word' id='word_1_161' title='bbox 838 2212 944 2272; x_wconf 87' lang='lat' dir='ltr'>semel.</span> <span class='ocrx_word' id='word_1_162' title='bbox 963 2289 970 2296; x_wconf 35' lang='lat'><strong>·</strong></span> 
     </span>
     <span class='ocr_line' id='line_1_25' title="bbox 187 2296 1045 2375; baseline 0 -19"><span class='ocrx_word' id='word_1_163' title='bbox 187 2317 192 2322; x_wconf 94' lang='lat'>·</span> <span class='ocrx_word' id='word_1_164' title='bbox 241 2296 347 2356; x_wconf 86' lang='lat' dir='ltr'>Altera</span> <span class='ocrx_word' id='word_1_165' title='bbox 362 2313 435 2372; x_wconf 89' lang='lat' dir='ltr'>pars</span> <span class='ocrx_word' id='word_1_166' title='bbox 451 2304 601 2372; x_wconf 81' lang='lat' dir='ltr'>superest,</span> <span class='ocrx_word' id='word_1_167' title='bbox 625 2315 687 2373; x_wconf 90' lang='lat' dir='ltr'>qua</span> <span class='ocrx_word' id='word_1_168' title='bbox 700 2297 781 2375; x_wconf 88' lang='lat' dir='ltr'>turpi</span> <span class='ocrx_word' id='word_1_169' title='bbox 796 2297 931 2358; x_wconf 85' lang='lat' dir='ltr'>carmine</span> <span class='ocrx_word' id='word_1_170' title='bbox 946 2298 1045 2358; x_wconf 85' lang='lat' dir='ltr'>lactus</span> 
     </span>
     <span class='ocr_line' id='line_1_26' title="bbox 281 2381 835 2456; baseline 0.004 -17"><span class='ocrx_word' id='word_1_171' title='bbox 281 2381 405 2456; x_wconf 82' lang='lat' dir='ltr'>Arguor</span> <span class='ocrx_word' id='word_1_172' title='bbox 419 2382 547 2442; x_wconf 88' lang='lat' dir='ltr'>obsceni</span> <span class='ocrx_word' id='word_1_173' title='bbox 563 2381 671 2443; x_wconf 89' lang='lat' dir='ltr'>doctor</span> <span class='ocrx_word' id='word_1_174' title='bbox 686 2383 835 2443; x_wconf 89' lang='lat' dir='ltr'>adulterii.</span> 
     </span>
     <span class='ocr_line' id='line_1_27' title="bbox 239 2463 954 2545; baseline 0.003 -22"><span class='ocrx_word' id='word_1_175' title='bbox 239 2463 299 2524; x_wconf 86' lang='lat' dir='ltr'>Fas</span> <span class='ocrx_word' id='word_1_176' title='bbox 314 2481 387 2540; x_wconf 82' lang='lat' dir='ltr'>ergo</span> <span class='ocrx_word' id='word_1_177' title='bbox 404 2472 450 2526; x_wconf 88' lang='lat' dir='ltr'>est</span> <span class='ocrx_word' id='word_1_178' title='bbox 464 2465 568 2542; x_wconf 89' lang='lat' dir='ltr'>aliqua</span> <span class='ocrx_word' id='word_1_179' title='bbox 582 2468 726 2529; x_wconf 88' lang='lat' dir='ltr'>caelestia</span> <span class='ocrx_word' id='word_1_180' title='bbox 741 2475 869 2545; x_wconf 90' lang='lat' dir='ltr'>pectora</span> <span class='ocrx_word' id='word_1_181' title='bbox 883 2467 954 2542; x_wconf 88' lang='lat' dir='ltr'>lalli,</span> 
     </span>
     <span class='ocr_line' id='line_1_28' title="bbox 281 2549 850 2613; baseline 0.004 -5"><span class='ocrx_word' id='word_1_182' title='bbox 281 2549 318 2609; x_wconf 86' lang='lat' dir='ltr'>Et</span> <span class='ocrx_word' id='word_1_183' title='bbox 333 2557 404 2610; x_wconf 89' lang='lat' dir='ltr'>sunt</span> <span class='ocrx_word' id='word_1_184' title='bbox 419 2551 524 2612; x_wconf 85' lang='lat' dir='ltr'>notitia</span> <span class='ocrx_word' id='word_1_185' title='bbox 538 2553 631 2613; x_wconf 91' lang='lat' dir='ltr'>multa</span> <span class='ocrx_word' id='word_1_186' title='bbox 645 2552 764 2612; x_wconf 89' lang='lat' dir='ltr'>minora</span> <span class='ocrx_word' id='word_1_187' title='bbox 777 2556 850 2612; x_wconf 77' lang='lat' dir='ltr'>tuat</span> 
     </span>
     <span class='ocr_line' id='line_1_29' title="bbox 177 2632 988 2710; baseline 0.002 -18"><span class='ocrx_word' id='word_1_188' title='bbox 177 2639 229 2694; x_wconf 74' lang='lat'>215</span> <span class='ocrx_word' id='word_1_189' title='bbox 240 2632 342 2706; x_wconf 88' lang='lat' dir='ltr'>thue</span> <span class='ocrx_word' id='word_1_190' title='bbox 357 2634 433 2694; x_wconf 93' lang='lat' dir='ltr'>deos</span> <span class='ocrx_word' id='word_1_191' title='bbox 450 2635 630 2710; x_wconf 87' lang='lat' dir='ltr'>caelumque</span> <span class='ocrx_word' id='word_1_192' title='bbox 644 2636 734 2697; x_wconf 90' lang='lat' dir='ltr'>simul</span> <span class='ocrx_word' id='word_1_193' title='bbox 750 2635 880 2698; x_wconf 88' lang='lat' dir='ltr'>sublime</span> <span class='ocrx_word' id='word_1_194' title='bbox 894 2633 988 2694; x_wconf 87' lang='lat' dir='ltr'>tuenti</span> 
     </span>
     <span class='ocr_line' id='line_1_30' title="bbox 276 2717 908 2794; baseline 0.006 -20"><span class='ocrx_word' id='word_1_195' title='bbox 276 2717 343 2775; x_wconf 91' lang='lat' dir='ltr'>Non</span> <span class='ocrx_word' id='word_1_196' title='bbox 358 2724 449 2776; x_wconf 89' lang='lat' dir='ltr'>vacat</span> <span class='ocrx_word' id='word_1_197' title='bbox 462 2717 581 2792; x_wconf 79' lang='lat' dir='ltr'>exiguis</span> <span class='ocrx_word' id='word_1_198' title='bbox 596 2717 689 2780; x_wconf 91' lang='lat' dir='ltr'>rebus</span> <span class='ocrx_word' id='word_1_199' title='bbox 706 2721 819 2782; x_wconf 90' lang='lat' dir='ltr'>adesse</span> <span class='ocrx_word' id='word_1_200' title='bbox 833 2719 908 2794; x_wconf 91' lang='lat' dir='ltr'>lovi,</span> 
     </span>
     <span class='ocr_line' id='line_1_31' title="bbox 240 2799 1033 2880; baseline 0.004 -22"><span class='ocrx_word' id='word_1_201' title='bbox 240 2799 331 2859; x_wconf 84' lang='lat' dir='ltr'>Exta</span> <span class='ocrx_word' id='word_1_202' title='bbox 346 2801 529 2874; x_wconf 89' lang='lat' dir='ltr'>pendentem</span> <span class='ocrx_word' id='word_1_203' title='bbox 545 2802 590 2862; x_wconf 91' lang='lat' dir='ltr'>sic</span> <span class='ocrx_word' id='word_1_204' title='bbox 605 2803 677 2863; x_wconf 91' lang='lat' dir='ltr'>dum</span> <span class='ocrx_word' id='word_1_205' title='bbox 692 2803 902 2880; x_wconf 88' lang='lat' dir='ltr'>circumspicis</span> <span class='ocrx_word' id='word_1_206' title='bbox 918 2801 1033 2876; x_wconf 88' lang='lat' dir='ltr'>orbem,</span> 
     </span>
     <span class='ocr_line' id='line_1_32' title="bbox 280 2881 804 2959; baseline 0.013 -18"><span class='ocrx_word' id='word_1_207' title='bbox 280 2881 436 2959; x_wconf 79' lang='lat' dir='ltr'>Effugiunt</span> <span class='ocrx_word' id='word_1_208' title='bbox 450 2900 540 2946; x_wconf 91' lang='lat' dir='ltr'>curas</span> <span class='ocrx_word' id='word_1_209' title='bbox 555 2887 699 2950; x_wconf 81' lang='lat' dir='ltr'>inferiora</span> <span class='ocrx_word' id='word_1_210' title='bbox 712 2896 804 2950; x_wconf 69' lang='lat' dir='ltr'>tuas?</span> 
     </span>
    </p>
   </div>
   <div class='ocr_carea' id='block_1_3' title="bbox 176 2964 1104 3562">
    <p class='ocr_par' dir='ltr' id='par_1_3' title="bbox 176 2964 1104 3562">
     <span class='ocr_line' id='line_1_33' title="bbox 240 2964 922 3048; baseline 0.007 -21"><span class='ocrx_word' id='word_1_211' title='bbox 240 2964 364 3027; x_wconf 88' lang='lat' dir='ltr'>Scilicet</span> <span class='ocrx_word' id='word_1_212' title='bbox 377 2967 497 3045; x_wconf 89' lang='lat' dir='ltr'>imperii</span> <span class='ocrx_word' id='word_1_213' title='bbox 510 2972 656 3048; x_wconf 88' lang='lat' dir='ltr'>princeps</span> <span class='ocrx_word' id='word_1_214' title='bbox 672 2974 802 3035; x_wconf 89' lang='lat' dir='ltr'>statione</span> <span class='ocrx_word' id='word_1_215' title='bbox 817 2972 922 3032; x_wconf 89' lang='lat' dir='ltr'>relicta</span> 
     </span>
     <span class='ocr_line' id='line_1_34' title="bbox 178 3051 971 3130; baseline 0.003 -18"><span class='ocrx_word' id='word_1_216' title='bbox 178 3055 231 3112; x_wconf 69' lang='lat'>220</span> <span class='ocrx_word' id='word_1_217' title='bbox 284 3051 453 3127; x_wconf 83' lang='lat' dir='ltr'>imparibus</span> <span class='ocrx_word' id='word_1_218' title='bbox 470 3056 588 3130; x_wconf 79' lang='lat' dir='ltr'>legeres</span> <span class='ocrx_word' id='word_1_219' title='bbox 606 3059 740 3117; x_wconf 87' lang='lat' dir='ltr'>carmina</span> <span class='ocrx_word' id='word_1_220' title='bbox 756 3058 835 3117; x_wconf 86' lang='lat' dir='ltr'>lacta</span> <span class='ocrx_word' id='word_1_221' title='bbox 848 3056 971 3117; x_wconf 75' lang='lat' dir='ltr'>modist</span> 
     </span>
     <span class='ocr_line' id='line_1_35' title="bbox 241 3133 942 3216; baseline 0.009 -22"><span class='ocrx_word' id='word_1_222' title='bbox 241 3133 309 3194; x_wconf 89' lang='lat' dir='ltr'>Non</span> <span class='ocrx_word' id='word_1_223' title='bbox 325 3150 363 3196; x_wconf 89' lang='lat' dir='ltr'>ea</span> <span class='ocrx_word' id='word_1_224' title='bbox 377 3144 406 3197; x_wconf 87' lang='lat' dir='ltr'>te</span> <span class='ocrx_word' id='word_1_225' title='bbox 421 3141 518 3199; x_wconf 93' lang='lat' dir='ltr'>moles</span> <span class='ocrx_word' id='word_1_226' title='bbox 533 3141 662 3202; x_wconf 88' lang='lat' dir='ltr'>Romani</span> <span class='ocrx_word' id='word_1_227' title='bbox 678 3141 809 3202; x_wconf 90' lang='lat' dir='ltr'>nominis</span> <span class='ocrx_word' id='word_1_228' title='bbox 824 3148 942 3216; x_wconf 80' lang='lat' dir='ltr'>urguet,</span> 
     </span>
     <span class='ocr_line' id='line_1_36' title="bbox 280 3217 977 3302; baseline 0.011 -25"><span class='ocrx_word' id='word_1_229' title='bbox 280 3217 378 3293; x_wconf 87' lang='lat' dir='ltr'>Inque</span> <span class='ocrx_word' id='word_1_230' title='bbox 392 3223 453 3283; x_wconf 88' lang='lat' dir='ltr'>tuis</span> <span class='ocrx_word' id='word_1_231' title='bbox 468 3223 602 3286; x_wconf 89' lang='lat' dir='ltr'>humeris</span> <span class='ocrx_word' id='word_1_232' title='bbox 618 3231 680 3285; x_wconf 88' lang='lat' dir='ltr'>tam</span> <span class='ocrx_word' id='word_1_233' title='bbox 695 3228 763 3285; x_wconf 88' lang='lat' dir='ltr'>leve</span> <span class='ocrx_word' id='word_1_234' title='bbox 780 3227 875 3286; x_wconf 90' lang='lat' dir='ltr'>lertur</span> <span class='ocrx_word' id='word_1_235' title='bbox 886 3240 977 3302; x_wconf 79' lang='lat' dir='ltr'>onus,</span> 
     </span>
     <span class='ocr_line' id='line_1_37' title="bbox 237 3302 977 3386; baseline 0.008 -24"><span class='ocrx_word' id='word_1_236' title='bbox 237 3302 370 3364; x_wconf 90' lang='lat' dir='ltr'>Lusibus</span> <span class='ocrx_word' id='word_1_237' title='bbox 387 3314 418 3366; x_wconf 93' lang='lat' dir='ltr'>ut</span> <span class='ocrx_word' id='word_1_238' title='bbox 432 3305 537 3382; x_wconf 90' lang='lat' dir='ltr'>possis</span> <span class='ocrx_word' id='word_1_239' title='bbox 553 3308 714 3370; x_wconf 86' lang='lat' dir='ltr'>advertere</span> <span class='ocrx_word' id='word_1_240' title='bbox 730 3325 840 3368; x_wconf 79' lang='lat' dir='ltr'>nrrrnen</span> <span class='ocrx_word' id='word_1_241' title='bbox 855 3307 977 3386; x_wconf 89' lang='lat' dir='ltr'>ineptis,</span> 
     </span>
     <span class='ocr_line' id='line_1_38' title="bbox 281 3387 881 3465; baseline 0.008 -19"><span class='ocrx_word' id='word_1_242' title='bbox 281 3387 488 3465; x_wconf 83' lang='lat' dir='ltr'>Excutiasque</span> <span class='ocrx_word' id='word_1_243' title='bbox 504 3391 602 3454; x_wconf 87' lang='lat' dir='ltr'>oculis</span> <span class='ocrx_word' id='word_1_244' title='bbox 617 3390 679 3454; x_wconf 88' lang='lat' dir='ltr'>otia</span> <span class='ocrx_word' id='word_1_245' title='bbox 693 3399 798 3453; x_wconf 88' lang='lat' dir='ltr'>nostra</span> <span class='ocrx_word' id='word_1_246' title='bbox 812 3391 881 3453; x_wconf 90' lang='lat' dir='ltr'>tuis.</span> 
     </span>
     <span class='ocr_line' id='line_1_39' title="bbox 176 3469 1104 3562; baseline 0.004 -30"><span class='ocrx_word' id='word_1_247' title='bbox 176 3478 229 3562; x_wconf 67' lang='lat' dir='ltr'>aad</span> <span class='ocrx_word' id='word_1_248' title='bbox 241 3469 326 3532; x_wconf 90' lang='lat' dir='ltr'>Nunc</span> <span class='ocrx_word' id='word_1_249' title='bbox 340 3471 393 3534; x_wconf 86' lang='lat' dir='ltr'>tibi</span> <span class='ocrx_word' id='word_1_250' title='bbox 407 3474 563 3535; x_wconf 86' lang='lat' dir='ltr'>Pannonia</span> <span class='ocrx_word' id='word_1_251' title='bbox 578 3482 633 3552; x_wconf 89' lang='lat' dir='ltr'>est,</span> <span class='ocrx_word' id='word_1_252' title='bbox 657 3492 738 3538; x_wconf 87' lang='lat' dir='ltr'>nuuc</span> <span class='ocrx_word' id='word_1_253' title='bbox 753 3476 853 3553; x_wconf 86' lang='lat' dir='ltr'>Illyris</span> <span class='ocrx_word' id='word_1_254' title='bbox 869 3492 924 3536; x_wconf 89' lang='lat' dir='ltr'>ora</span> <span class='ocrx_word' id='word_1_255' title='bbox 939 3473 1104 3551; x_wconf 78' lang='lat' dir='ltr'>comoda,</span> 
     </span>
    </p>
   </div>
   <div class='ocr_carea' id='block_1_4' title="bbox 0 0 1230 3925">
    <p class='ocr_par' dir='ltr' id='par_1_4' title="bbox 0 0 1230 3925">
     <span class='ocr_line' id='line_1_40' title="bbox 0 0 1230 3925; baseline 0 0"><span class='ocrx_word' id='word_1_256' title='bbox 0 0 1230 3925; x_wconf 95' lang='lat' dir='ltr'> </span> 
     </span>
    </p>
   </div>
  </div>
 </body>
</html>
