2492 3926
183 228 247 294 274
566 226 819 290 t‘nstottttat

311 382 424 457 liabit,
438 389 470 442 et
483 381 595 441 idaeae
610 380 689 440 testa
703 378 838 454 pareatis
855 385 952 440 erunt

270 467 358 527 lirant
371 465 551 526 semimares
566 471 597 523 et
609 463 711 522 inania
725 470 873 542 tympana
886 464 1025 538 tundent,
1232 461 1238 541 l

311 551 456 624 Aeraque
470 547 596 608 tinnitus
610 561 682 606 aere
696 547 821 621 repulsa
838 545 965 608 dabunt.

207 642 257 698 185
271 635 344 710 lpsa
359 633 474 694 sedens
488 630 572 692 molli
587 629 730 690 comitum
743 630 865 690 cervice
880 631 996 692 leretur

309 716 401 780 Urbis
417 731 474 792 per
490 714 608 774 medias
624 714 779 774 exululata
791 714 871 774 rias.

272 800 392 862 Scaena
405 807 511 872 senat,
527 798 653 872 ludique
668 805 789 858 vocant.
818 803 972 873 spectate,
991 797 1141 878 Quirites,

311 885 350 946 lit
364 885 432 944 lora
445 883 544 943 Marte
558 896 614 942 sua
631 881 763 956 litigiosa
778 888 899 942 vacent.

272 967 424 1042 Quaerere
438 967 533 1027 multa
547 965 634 1038 libet,
648 964 707 1024 sed
721 979 771 1026 me
786 981 884 1026 sonus
901 965 981 1025 aeris
998 967 1083 1027 acuti

211 1056 260 1110 tto
315 1053 419 1112 Terret
433 1057 463 1111 et
477 1049 632 1112 horrendo
647 1049 729 1109 lotos
742 1048 865 1108 adunca
879 1064 970 1109 sono.

272 1136 344 1208 tlte,
366 1135 440 1209 dea,
459 1150 551 1209 quem
566 1132 679 1194 ariter?
710 1134 818 1193 doctas
834 1131 981 1209 cybeleia
995 1140 1112 1209 neptes

313 1219 413 1293 Vidit,
429 1225 460 1278 et
473 1218 530 1277 iras
546 1233 638 1278 curae
652 1215 743 1277 iussit
756 1216 872 1278 adesse
886 1231 983 1278 meae.

272 1302 424 1376 ‘Pandite
440 1299 576 1361 mandati
590 1315 757 1376 memores,
771 1299 928 1361 Heliconis
948 1301 1107 1378 alumnae,

313 1385 451 1446 Gaudeat
470 1384 597 1446 assiduo
612 1399 667 1444 cur
680 1385 740 1444 dea
753 1383 866 1458 Magna
881 1389 984 1446 sona’

214 1482 261 1534 tas
277 1470 329 1532 Sic
343 1484 412 1545 ego.
441 1469 488 1530 sic
508 1469 648 1530 Ereta...
663 1467 780 1528 mensis
796 1466 978 1546 Cythereius
996 1468 1042 1528 illi

318 1554 432 1628 cessit,
449 1553 534 1630 quod
548 1551 645 1613 teneri
663 1567 774 1612 nomen
788 1551 913 1614 Amoris
928 1551 1057 1612 habet..

274 1638 417 1700 ‘Reddita
432 1637 562 1698 Satame
578 1651 647 1697 sors
665 1636 742 1696 haec
757 1642 837 1710 erat,
855 1634 1002 1712 “Optime
1016 1651 1143 1714 regum,
1242 1693 1243 1718 ἶ

315 1723 343 1782 A
358 1728 429 1782 nato
445 1721 580 1796 sceptris
598 1718 752 1780 excutiere
766 1718 863 1780 tals.”

273 1807 327 1866 llle
343 1820 429 1866 suam
443 1812 598 1877 metuens,
612 1810 644 1864 ut
658 1818 800 1879 quaeque
814 1809 880 1863 erat
894 1803 992 1875 edita,
1010 1803 1140 1879 prolem

212 1905 263 1958 aco
319 1890 466 1960 Dev‚0rat
486 1889 658 1948 immersam
673 1886 908 1962 mseenhusque
920 1893 1013 1948 tenet

278 1973 379 2047 Saepe
390 1972 479 2033 Rhea
494 1979 604 2048 questa
617 1976 680 2044 est,
694 1971 806 2031 totiens
821 1972 974 2032 toccunda
987 1985 1049 2032 nec
1065 1987 1216 2050 umquam

316 2055 427 2131 Mater,
448 2062 478 2116 et
491 2055 622 2116 indoluit
636 2053 787 2115 fertilitate
801 2071 868 2116 sua

274 2139 411 2213 luppiter
425 2146 509 2201 ortus
524 2145 619 2198 erat..
635 2153 692 2212 pro
707 2153 818 2213 magna
831 2145 910 2200 teste
925 2143 1066 2199 vetustas

317 2221 463 2281 Creditur.
492 2228 648 2296 acceptam
663 2236 757 2296 parce
772 2236 897 2283 movere
911 2222 1035 2282 tidem...

211 2314 262 2368 205
276 2306 372 2366 Veste
386 2305 484 2366 latens
499 2321 608 2366 saxum
622 2305 747 2367 caelesti
762 2313 882 2380 gutture
896 2306 984 2368 sedit.

317 2389 369 2451 Sic
385 2390 504 2466 genitor
521 2389 590 2451 latis
605 2387 807 2464 decipiendus
822 2398 897 2452 erat.

274 2474 382 2534 Ardua
396 2474 454 2535 iam
471 2475 583 2535 dudum
597 2478 723 2534 resanat
736 2473 893 2535 tinnitibus
907 2474 969 2547 lde,

314 2561 410 2620 italus
424 2566 458 2620 ut
471 2558 576 2619 intanti
590 2557 693 2634 vagiat
709 2572 762 2618 ore
777 2573 864 2633 puer.

274 2643 349 2703 Pars
365 2643 481 2719 clipeos
495 2641 638 2712 rudibus,
654 2640 759 2716 galeas
774 2657 848 2716 pars
863 2640 960 2702 tundit
974 2641 1109 2704 iuancss

209 2729 262 2782 210
317 2725 384 2786 Hoc
399 2726 522 2785 curetes
536 2724 661 2798 habent,
676 2726 737 2786 hoe
750 2724 941 2802 Corybantes
955 2741 1046 2801 opus.

275 2809 338 2869 Res
355 2808 439 2869 latuit
454 2816 579 2885 patrem.
609 2808 766 2886 priscique
780 2808 946 2870 imitamina
960 2809 1041 2881 lacti,

317 2893 399 2952 Aera
415 2893 492 2954 deae
508 2892 635 2953 cararites
651 2909 806 2967 raucaque
820 2901 907 2968 terga
921 2897 1055 2952 movent.

278 2975 423 3054 cymbala
438 2994 494 3053 pro
508 2976 620 3052 galeis,
637 2993 692 3053 pre
707 2977 803 3038 scutis
817 2984 965 3056 tympana
980 2977 1131 3052 pulsant:

315 3058 400 3120 Titia
414 3061 465 3122 dat
478 3060 645 3140 Phrygios,
661 3068 693 3121 ut
707 3061 792 3122 dedit
806 3068 892 3134 ante,
907 3060 1041 3122 modos?

208 3152 264 3206 215
279 3143 426 3204 Desierat.
456 3145 559 3222 coepi=
576 3146 650 3206 ‘cur
664 3143 734 3205 huic
751 3161 850 3218 genus
866 3159 951 3219 acre,
969 3144 1082 3204 leones

319 3225 469 3288 Praebeat
481 3228 620 3290 insolitas
636 3228 676 3288 ad
691 3229 762 3305 iuga
776 3244 870 3288 curva
884 3229 1005 3288 iubast'

278 3310 445 3372 Desieram.
474 3312 590 3388 caepit:
611 3313 740 3374 ‘Feritas
755 3311 871 3372 mellita
886 3328 942 3387 per
954 3311 1037 3371 illam

319 3394 467 3456 Creditur.
496 3395 528 3454 id
543 3411 632 3456 curru
647 3397 809 3458 testilleata
824 3411 882 3457 suo
897 3399 967 3455 est’

278 3480 332 3542 ‘At
346 3495 400 3540 cur
415 3478 553 3542 turrifera
571 3488 664 3556 caput
676 3488 724 3543 est
739 3486 864 3542 encrate
880 3483 1016 3540 coronat
