2372 3928
150 225 212 288 aec
240 307 246 314 .
529 217 783 284 55555555

170 375 288 440 5451115
303 374 397 449 patris
413 373 508 434 Genio
526 371 685 432 sollemnia
700 372 783 433 dona
798 370 925 431 ferebat.

273 457 351 518 Hinc
364 457 471 534 populi
486 457 562 516 ritus
578 455 733 516 edidicere
748 456 828 531 pios.

231 541 457 615 sequendam,
474 540 546 602 dum
560 540 653 614 longa
667 546 777 613 gerunt
791 536 979 613 pugnacibus
996 538 1091 598 armis

273 624 372 698 Bella,
390 624 563 699 parentales
579 623 746 682 deseruere
761 621 838 681 dies.

232 709 300 770 Non
314 708 437 783 impune
452 707 516 768 luit.
545 722 615 765 nam
629 705 741 767 dicitur
757 705 858 764 omine
875 704 913 764 ab
928 703 987 762 isto

170 813 222 866 555
275 792 374 852 Roma
388 789 571 852 suburbanis
586 789 752 850 incaluisse
766 788 859 863 ragis.

235 876 295 934 Vix
309 875 453 951 equidem
468 873 573 947 credo,
588 872 686 933 bustis
702 871 806 932 exisse
821 872 957 932 feruntur

274 958 312 1017 Et
325 959 434 1018 5551155
449 957 550 1033 questi
564 965 702 1030 tempore
717 955 816 1016 noctis
830 955 889 1027 avi,

234 1040 353 1116 Perque
367 1043 433 1102 vias
448 1039 532 1100 urbis
549 1039 714 1113 Latiosque
728 1039 866 1100 ululasse
881 1053 936 1114 per
950 1054 1045 1114 agros

275 1126 435 1185 Deformes
449 1125 581 1196 animas,
598 1124 707 1197 volgus
723 1122 827 1193 inane,
842 1121 950 1182 ferunt.

171 1225 222 1276 555
235 1206 309 1267 Post
323 1223 360 1268 ea
374 1207 527 1284 praeteriti
541 1206 663 1266 tumulis
677 1205 846 1265 redduntur
859 1204 1004 1280 honores,

274 1290 489 1365 Prodigiisque
503 1291 586 1349 venit
601 1289 821 1364 funeribusque
835 1288 955 1348 modus.

235 1375 314 1435 Dum
326 1381 426 1434 tamen
441 1373 518 1432 haec
533 1373 623 1446 fiunt,
638 1371 750 1432 viduae
764 1378 885 1432 cessate
900 1373 1039 1448 puellae=

273 1457 422 1533 Expectet
436 1471 533 1532 puros
548 1456 640 1530 pinea
653 1456 744 1516 taeda
759 1455 837 1515 dies.

234 1541 298 1601 Neo
311 1541 379 1616 tibi,
396 1555 476 1616 quae
491 1540 621 1614 cupidae
635 1546 752 1601 matura
767 1537 911 1598 videbere
925 1541 1024 1612 matri,

169 1634 222 1689 560
278 1625 383 1685 Camat
394 1623 548 1698 virgineas
562 1623 651 1683 hasta
662 1639 792 1682 recurva
807 1638 922 1682 cantas.

236 1708 341 1768 conde
354 1715 438 1777 tuas,
455 1707 646 1784 Hymenaee,
663 1707 757 1779 iacis,
773 1712 804 1766 et
818 1707 856 1766 ab
872 1705 991 1780 ignibus
1005 1707 1082 1769 atris

275 1791 383 1851 Aufert
400 1789 513 1850 habent
527 1790 603 1850 alias
617 1797 735 1850 maeste
749 1789 913 1865 sepulchra
928 1790 1025 1850 laces

234 1876 271 1936 lli
286 1890 409 1949 quoque
423 1875 604 1948 templorum
619 1873 735 1933 loribus
751 1875 886 1934 celentur
899 1874 1025 1949 opertis,

275 1958 355 2018 Ture
370 1964 480 2018 vacent
493 1972 579 2030 arae,
596 1962 737 2031 stentque
752 1956 818 2019 sine
832 1957 902 2032 igne
919 1958 988 2018 loci.

169 2046 221 2101 555
235 2041 321 2100 Nunc
336 2041 455 2101 animae
469 2047 576 2101 tenues
592 2047 622 2100 et
636 2055 768 2115 corpora
783 2041 886 2100 iuncta
900 2041 1080 2116 sepulchris

273 2123 397 2197 Errant,
413 2139 493 2182 nunc
508 2125 609 2199 posito
625 2125 760 2199 pascitur
773 2125 885 2185 umbra
895 2125 975 2185 cibo.

234 2205 297 2266 Nec
311 2213 410 2266 tamen
424 2206 502 2266 haec
516 2207 607 2280 ultra,
625 2225 717 2282 quarn
731 2214 774 2268 tot
789 2208 828 2268 de
843 2223 948 2268 mense
962 2209 1123 2282 supersint

273 2289 419 2362 Luciferi,
438 2298 514 2364 quot
527 2290 641 2352 habent
655 2292 788 2352 carolina
803 2299 909 2352 nostra
922 2292 1020 2351 vices.

235 2373 335 2446 Hanc,
353 2374 425 2448 quia
440 2375 519 2435 iusta
540 2375 651 2448 lerunt,
669 2375 774 2435 dixere
787 2375 905 2435 Feralia
919 2376 1032 2436 lucem.

171 2471 223 2527 570
279 2457 389 2518 Ultima
403 2459 563 2534 placandis
577 2459 718 2520 manibus
734 2459 785 2519 illa
800 2459 877 2520 dies.

234 2540 315 2602 Eece
330 2559 407 2603 anus
422 2543 451 2601 in
467 2542 576 2603 mediis
591 2543 730 2603 residens
745 2558 864 2602 annosa
879 2542 987 2619 puellis
1050 2547 1053 2556 ‘

276 2623 371 2685 Sacra
391 2623 463 2685 lacit
475 2625 605 2686 Tacitae.
635 2626 686 2686 vix
699 2634 800 2686 tamon
819 2626 888 2702 ipsa
902 2632 995 2687 tacet:

213 2757 216 2762 .
233 2707 271 2766 Et
286 2707 387 2782 digitis
403 2710 459 2768 trie
471 2714 538 2766 lura
551 2709 647 2770 tribus
666 2711 723 2770 sub
739 2710 841 2770 limine
856 2711 948 2785 ponit,

276 2789 342 2864 Qua
357 2790 460 2850 brevis
476 2791 627 2852 occultum
641 2809 709 2854 mus
726 2793 783 2853 sibi
799 2793 949 2854 feciliter.

171 2872 319 2938 5751555
335 2881 453 2934 cantata
468 2874 542 2950 ligat
556 2890 625 2935 cum
639 2878 727 2936 lusco
742 2877 812 2936 licia
827 2877 964 2948 rhombo,

273 2956 310 3015 Et
324 2964 441 3032 septem
457 2959 559 3033 nigras
575 2967 677 3020 versat
691 2961 721 3019 in
737 2976 790 3020 ore
805 2961 902 3020 fabas.

235 3038 384 3114 Quodque
400 3041 469 3116 pice
485 3042 659 3115 adstrinxit,
677 3045 759 3119 quod
776 3059 835 3104 acu
849 3043 966 3104 traiecit
980 3046 1077 3120 5555,

276 3121 424 3185 Obsutum
439 3141 566 3186 maenae
581 3133 674 3186 torret
688 3127 718 3186 in
734 3127 804 3201 igne
819 3133 921 3204 caput.

235 3205 314 3266 Vina
328 3209 598 3284 quoqueinstillat.
628 3211 690 3270 vini
705 3211 921 3286 quodcumque
935 3211 1085 3273 relictum
1102 3226 1158 3284 est,

169 3295 222 3350 580
278 3291 339 3351 Aut
353 3291 438 3367 ipsa,
454 3300 505 3352 aut
519 3292 659 3368 comites,
677 3295 746 3371 plus
761 3300 860 3354 tamen
877 3295 960 3371 ipsa,
975 3294 1071 3358 bibit.
1099 3299 1106 3313 “

233 3371 379 3436 ‘Hostiles
394 3376 512 3450 linguas
528 3375 711 3452 inimicaque
724 3377 878 3438 vinximus
894 3381 959 3439 ora’

276 3455 354 3520 llicit
369 3459 547 3533 discedens,
564 3459 709 3535 ebriaque
725 3461 788 3522 exit
803 3477 890 3523 anus.
