2394 3940
207 247 268 315 ttl
598 245 658 310 EX
678 244 829 324 Poura

327 400 474 464 Materiae
489 401 594 476 gracili
609 398 723 460 sufficit
738 400 900 475 ingenium.

285 487 402 566 Nuper,
417 492 451 549 ut
463 486 524 546 huc
538 485 638 560 magni
656 486 796 560 pervenit
808 485 888 546 lama
900 483 1049 562 triumplu,

327 573 432 632 Ausus
449 586 516 632 sum
531 576 633 629 tantae
649 583 771 630 sumere
785 569 874 630 molis
891 585 982 646 opus.

285 655 391 716 Obruit
404 655 567 715 audentem
581 669 682 716 rerum
696 651 894 729 gravitasque
916 653 1061 730 nitorque,

236 753 271 808 30
325 739 387 798 Nec
402 738 488 816 potui
504 739 605 815 coepti
620 737 760 814 pondera
774 737 854 797 ferre
867 738 938 800 mei.

285 823 365 898 lllic,
382 840 474 899 quarn
490 823 613 896 laudes,
629 821 686 882 erit
701 821 843 882 officiosa
859 823 1015 886 voluntas:

328 906 436 968 cetera
450 906 576 968 materia
591 905 747 966 debilitata
761 906 871 968 iacent.

287 992 342 1067 Qui
356 992 384 1052 si
399 993 477 1052 forte
496 991 572 1052 liber
588 999 705 1052 vestras
726 991 920 1066 pervenitad
937 1005 1033 1066 aures,

323 1076 474 1147 Tutelam,
490 1074 618 1146 mando,
635 1075 745 1135 sentiat
764 1075 813 1136 ille
830 1083 922 1136 tuam.

234 1169 269 1229 35
282 1160 348 1221 Hoc
362 1159 416 1221 tibi
432 1160 564 1234 facturo,
580 1160 629 1218 vel
644 1159 747 1221 sinon
763 1159 832 1235 ipse
845 1174 996 1234 rogarem,

327 1244 465 1304 Accedat
480 1243 619 1306 cumulus
634 1244 731 1318 gralia
745 1250 851 1304 nostra
870 1245 960 1305 levis.

286 1328 352 1390 Non
373 1344 431 1403 ego
447 1327 634 1400 laudandus,
651 1329 707 1389 sed
722 1334 793 1388 sunt
806 1333 857 1388 tua
872 1335 1013 1404 pectora,
1027 1327 1093 1386 lacte

324 1412 362 1472 m
377 1430 438 1473 non
454 1413 570 1472 calcata
584 1412 762 1473 candidiora
776 1412 861 1477 niver

286 1497 470 1571 Mirarisque
489 1496 582 1571 alios,
599 1513 667 1557 cunr
683 1498 726 1559 sis
741 1495 887 1556 mirabilis
903 1498 982 1574 ipse,

235 1589 270 1642 40
325 1581 389 1642 Nec
403 1582 516 1642 lateant
531 1588 611 1641 artes
628 1581 843 1656 eloquiumque
858 1587 953 1642 tuum.

285 1667 328 1727 Te
343 1666 487 1726 iuvenum
501 1665 662 1742 princeps,
683 1665 730 1726 cui
746 1666 799 1726 dat
813 1665 977 1727 Germania
991 1677 1095 1734 nomen,
1165 1713 1166 1722 ,

326 1749 508 1825 Parlicipem
522 1749 614 1811 studii
629 1750 742 1810 caesar
756 1748 870 1814 habere
887 1751 976 1812 solet.

285 1835 330 1895 Tu
345 1849 450 1896 eomes
464 1835 622 1911 antiquus,
638 1840 672 1895 tu
685 1833 792 1910 primis
807 1835 930 1896 iunctus
948 1834 986 1896 ab
1001 1831 1078 1894 annis

327 1918 452 1994 Ingenio
468 1934 570 1980 mores
586 1918 803 1994 aequiperante
818 1920 936 1994 places.

237 2018 271 2071 45
285 2002 327 2062 Te
342 2003 462 2063 dicente
478 2003 561 2078 prius
581 2003 615 2064 m
630 2003 769 2079 protinus
784 2003 915 2078 impetus
933 2003 990 2064 illia

324 2087 429 2161 Teque
443 2087 548 2160 habet,
566 2087 669 2148 elicias
686 2088 738 2163 qul
753 2103 809 2148 sua
823 2087 918 2148 verba
934 2088 1004 2150 tuis.
1164 2151 1165 2164 ,

287 2169 361 2230 Cum
375 2178 407 2232 tu
425 2169 532 2230 desisti
548 2171 748 2246 mortaliaque
762 2187 817 2232 ora
833 2171 978 2246 quierunt
1164 2181 1165 2200 f

328 2253 501 2328 Clausaque
516 2270 577 2314 non
593 2255 683 2330 longa
698 2256 871 2318 conticuere
889 2272 985 2332 naara,

286 2338 389 2415 Surgit
402 2336 486 2400 luleo
501 2338 619 2400 iuvenis
636 2340 817 2416 cognomine
832 2340 955 2416 dignus

237 2432 271 2487 50
328 2423 430 2499 Qualis
451 2423 489 2484 ab
510 2425 575 2486 eois
590 2425 697 2486 lucifer
711 2432 796 2486 ortus
812 2425 910 2499 aquis.
1116 2497 1121 2508 ¹

286 2511 426 2586 Dumque
441 2509 536 2570 silens
552 2511 669 2584 adstat,
686 2515 782 2570 status
799 2515 847 2569 est
861 2510 1024 2584 vultusque
1038 2503 1129 2569 diseru,
1163 2541 1164 2572 3

329 2594 484 2670 Spemque
504 2595 618 2655 decens
640 2595 748 2656 doctae
765 2595 851 2654 vocis
867 2595 996 2656 amictus
1010 2589 1098 2650 habet.

285 2679 373 2751 Mox,
390 2677 442 2738 ubi
463 2680 553 2752 pulsa
567 2695 653 2738 mora
670 2686 717 2738 est
731 2685 824 2754 alque
839 2694 875 2739 as
891 2681 1023 2740 caeleste
1036 2671 1147 2736 solutum

326 2762 392 2822 Hoc
409 2777 539 2836 superas
555 2762 638 2823 iures
653 2778 737 2823 mare
752 2764 853 2824 solere
867 2763 962 2840 loqui,

235 2850 269 2902 aa
284 2847 385 2920 Atque
400 2845 490 2905 ‘haec
505 2849 562 2906 est’
579 2846 665 2908 dicas
680 2847 837 2908 ‘facundia
853 2847 992 2923 principe
1007 2839 1109 2918 digna’r

326 2929 457 3006 Eloquio
473 2938 586 2991 lantum
601 2931 766 2993 nobilitatis
782 2931 871 2992 inest.
1162 2947 1163 2994 l

285 3013 363 3074 Huic
378 3021 410 3075 tn
426 3031 494 3075 cum
510 3018 634 3091 placeas
650 3023 680 3076 et
694 3015 808 3076 verlice
823 3015 926 3078 sidera
940 3024 1055 3089 tangas,

326 3096 447 3174 Scripta
461 3106 560 3160 tamen
576 3099 697 3177 profugi
709 3100 788 3161 valis
802 3099 946 3161 habenda
960 3105 1056 3176 putas.

287 3180 409 3243 Scilicet
423 3183 551 3259 ingeniis
567 3185 667 3261 aliqua
684 3192 731 3246 est
746 3184 914 3248 concordia
927 3181 1043 3252 iunctis,

231 3275 268 3332 ac
318 3266 356 3326 Et
371 3275 476 3327 servat
490 3268 581 3329 studii
596 3269 722 3330 foedera
742 3269 874 3345 quisque
889 3269 952 3330 sui:
1161 3271 1162 3280 ’

279 3349 425 3414 Rusticus
441 3352 620 3427 agricolam,
636 3353 722 3414 miles
739 3354 804 3414 fera
818 3353 899 3413 bella
913 3356 1071 3429 gerentem,

323 3437 483 3499 Rectorem
500 3436 610 3496 dubiae
626 3437 727 3499 navita
742 3439 857 3514 puppis
874 3445 963 3498 amat
1061 3464 1066 3470 ·

281 3519 325 3581 Tu
340 3537 465 3597 quoquc
478 3519 627 3582 Pieridum
644 3523 761 3596 stadfo,
778 3523 933 3598 studiose,
955 3515 1071 3586 teneris,
