2492 3926
477 273 536 350 vr,
559 255 737 337 ooo-734.
1054 274 1116 338 aas
1150 249 1161 278 ’·

187 428 338 489 Provocat
352 433 382 485 ct
394 426 561 487 Phoebum.
591 425 714 512 Phoebo
731 434 897 504 superante
914 429 1073 504 pependit:

230 512 329 573 Caesa
342 517 568 570 recesserunta
583 516 652 570 cute
666 511 802 572 membra
821 528 887 572 sua.

188 596 261 658 Sum
276 602 376 655 tamen
393 594 545 654 inventrix
560 601 728 670 auctorque
743 611 800 670 ego
816 595 958 657 carminis
973 597 1074 658 huius.

119 688 177 748 710
234 680 301 740 lloc
317 685 379 754 est,
396 693 451 738 cur
464 685 588 738 nostros
604 695 655 738 ars
672 679 752 740 colat
766 679 825 739 ista
840 679 930 740 dies’

330 809 522 890 locutu]
568 809 890 887 15.FQ·ST·D·F

184 929 284 992 Tertia
298 931 350 988 lux
365 929 482 1004 veniet,
498 945 559 1006 qua
573 936 620 1005 tu,
635 928 757 990 Dodoni
771 930 907 1009 Thyone,

229 1013 330 1075 stabis
345 1013 500 1089 Agenorei
516 1015 614 1073 irontc
631 1013 763 1074 videnda
777 1013 878 1075 bovis.

186 1099 270 1159 Haec
285 1104 332 1157 est
345 1097 396 1158 illa
412 1097 493 1171 dies,
511 1114 573 1174 qua
587 1104 618 1158 tu
634 1098 813 1173 purgamina
826 1099 950 1173 Vestae,

148 1207 154 1218 ·
228 1180 356 1260 Thybri,
373 1197 429 1257 per
443 1183 589 1243 Etruscas
605 1182 635 1242 in
651 1198 734 1242 mare
750 1183 841 1243 mittis
857 1199 964 1257 aquas.

118 1274 174 1332 ⁷15
190 1265 223 1328 Si
239 1283 300 1342 qua
314 1265 393 1326 fides
408 1267 524 1342 ventlS,
542 1266 680 1345 zephyro
696 1267 766 1328 date
782 1265 925 1341 carbasa,
942 1273 1066 1327 nautae!

232 1350 305 1411 Cras
322 1351 422 1412 veniet
443 1351 553 1412 vestris
568 1350 619 1410 ille
634 1351 788 1411 secundus
804 1351 903 1426 aquis.

376 1483 426 1547 16.
450 1485 505 1546 dc
550 1482 600 1547 17.
623 1484 679 1545 Hc
722 1483 772 1548 18.
794 1484 852 1544 hc

188 1604 229 1664 At
242 1610 329 1679 pater
342 1602 503 1663 Heliadum
517 1604 622 1664 radios
637 1601 688 1664 ubi
705 1602 825 1662 tinxerit
839 1601 938 1677 undis,

229 1687 268 1747 Et
283 1687 382 1762 cinget
396 1689 535 1762 geminos
553 1689 641 1749 stella
657 1702 768 1747 sereno
782 1687 882 1762 polos,

187 1771 286 1832 Tollet
297 1771 389 1832 humo
407 1771 527 1832 validos
542 1772 646 1848 proles
661 1770 776 1848 Hyriea
790 1773 930 1831 lacertos.

119 1863 176 1921 tao
235 1854 382 1916 Continua
394 1855 524 1930 Delphin
540 1863 630 1917 nocte
644 1854 798 1916 videndus
813 1855 878 1916 erit.

548 1989 597 2052 19.
619 1990 675 2050 Bc

190 2110 313 2171 Scilicet
324 2110 374 2170 hio
389 2111 460 2172 olim
474 2109 609 2171 Volscos
624 2111 816 2186 Aequosque
831 2110 951 2185 lagatos

110 2209 120 2236 ·
231 2194 358 2255 Viderat
372 2193 401 2254 in
418 2195 549 2270 campis,
565 2193 678 2270 Algida
693 2201 786 2268 terra,
803 2195 877 2256 tuis:

77 2281 80 2284 ’
189 2279 277 2340 Unde
292 2277 468 2340 suburbano
485 2281 598 2352 claram,
613 2278 758 2352 Tuberte,
777 2279 937 2356 triumpho,

231 2364 345 2424 Vectus
362 2379 396 2424 es
411 2365 441 2422 in
456 2363 568 2438 niveis,
584 2363 741 2438 Postume,
757 2363 854 2423 victor
867 2363 966 2437 equis.

121 2456 176 2514 ⁷25
191 2450 255 2510 Iam
269 2463 326 2508 sex
341 2454 372 2508 et
385 2448 511 2507 totidem
526 2451 611 2509 luces
628 2449 667 2508 de
682 2462 788 2508 mense
803 2451 977 2523 supersunt,

230 2532 308 2593 Huic
323 2547 416 2592 unum
433 2549 560 2594 numero
575 2539 720 2592 tutamen
736 2531 816 2591 adde
834 2531 924 2591 diem.

191 2615 244 2678 Sol
259 2616 320 2676 abit
335 2633 353 2676 a
366 2615 516 2692 Geminis,
533 2623 563 2678 et
579 2616 685 2676 Cancri
701 2616 789 2691 signa
802 2616 983 2676 rubescunt:

234 2700 339 2776 coepit
352 2701 505 2763 Aventina
517 2701 618 2762 Pallas
634 2701 662 2760 in
679 2715 750 2761 arce
765 2701 834 2762 coli.

548 2836 600 2899 20.
624 2837 675 2898 CC

192 2957 254 3018 iarn
267 2964 333 3033 tua,
348 2955 541 3030 Laomedon,
558 2955 652 3016 oritur
666 2971 776 3030 nurus,
793 2962 922 3031 ortaque
936 2965 1056 3018 noctem

123 3050 176 3107 730
230 3041 331 3114 Pollit,
348 3049 378 3102 et
392 3057 409 3100 e
425 3040 521 3116 pratis
536 3040 598 3100 uda
612 3040 721 3116 pruina
736 3039 825 3116 sugit:

191 3125 336 3202 Reddita,
353 3124 494 3202 quisquis
510 3126 537 3184 is
553 3131 614 3197 est,
630 3123 795 3186 Summano
812 3125 924 3202 templa
938 3125 1082 3196 seruntur,

230 3211 322 3284 Tum,
341 3225 410 3270 cum
424 3208 586 3284 Romanis,
600 3208 732 3284 Pyrrhe,
747 3210 899 3270 timendus
914 3223 993 3268 eras.

464 3341 515 3404 21.
538 3343 594 3403 DC
636 3343 688 3405 22.
709 3343 763 3403 Ec

191 3463 277 3526 Hanc
292 3479 418 3539 quoque
435 3479 503 3522 cum
518 3461 623 3538 patriis
639 3463 762 3524 Galatea
779 3461 930 3539 receperit
945 3459 1047 3535 undis,

232 3545 388 3624 Plenaque
402 3562 531 3606 securae
545 3553 626 3607 terra
640 3547 750 3622 quietis
763 3541 831 3616 erit,
