2372 3928
173 261 235 326 252
552 259 806 322 FASTORUM

256 411 368 475 Defluit
382 413 497 473 incerto
515 413 676 488 lapidosus
691 427 845 473 murmure
859 413 956 473 drus:

298 497 417 573 Saepe,
438 497 494 557 sed
508 497 628 576 exiguis
643 495 803 557 haustibus
818 495 891 556 inde
905 495 975 555 bibi.

187 588 239 645 ata
253 580 364 657 Egeria
378 587 440 656 est,
457 596 536 655 quae
550 578 677 655 praebet
693 595 800 655 aquas,
818 580 878 639 dea
891 588 976 654 grata
992 578 1133 640 camenis.

295 665 350 725 llla
365 665 481 726 Numae
496 665 630 725 coniunx
646 663 871 738 consiliumque
887 663 949 723 luit.

255 748 407 824 Principio
423 748 546 808 nimium
562 754 722 823 promptos
738 748 778 808 ad
790 746 873 807 bella
888 745 1011 820 Quiritis

296 833 406 892 ltlolllrl
423 832 536 907 placuit
551 834 616 891 iure
631 831 784 905 doumque
798 838 889 892 metu.

256 917 329 974 lndc
350 916 440 976 datae
460 916 559 989 leges,
583 929 621 974 ne
637 915 752 974 firmior
766 914 869 974 onmia
882 921 1007 990 posset:

186 1005 238 1059 280
293 1000 470 1074 coeptaque
484 1005 556 1059 sunt
569 1014 646 1073 pure
660 997 771 1058 tradita
786 1013 876 1058 sacra
890 997 958 1057 coli.

254 1083 381 1144 Exuitur·
396 1083 508 1157 feritas,
530 1081 684 1156 armisque
698 1082 853 1156 potentius
869 1097 1002 1156 aequum
1017 1088 1073 1156 est,

294 1165 333 1224 Et
347 1181 415 1224 curn
430 1166 499 1225 cive
511 1165 607 1241 pudet
622 1164 819 1225 conseruisse
833 1181 952 1226 manus.

254 1251 355 1321 Atque
369 1247 489 1322 aliquis,
510 1249 604 1308 modo
620 1256 698 1322 trux,
721 1249 789 1309 visa
802 1249 862 1308 iarn
877 1248 1003 1308 vertitur
1017 1264 1080 1321 ara,

293 1331 433 1406 Vinaque
449 1332 500 1391 dal
517 1332 629 1408 tepidis
645 1335 790 1408 salsaque
805 1333 987 1393 torrefacta

189 1419 239 1474 aas
254 1414 334 1475 Ecce
349 1414 441 1474 deum
454 1416 573 1491 genitor
587 1417 694 1478 rutilas
709 1431 765 1492 per
779 1414 882 1476 nubila
896 1415 1038 1476 flammas

297 1496 427 1575 Spargit,
442 1506 472 1559 et
486 1499 594 1561 effusis
610 1502 734 1560 aethera
749 1499 845 1560 siccat
860 1499 958 1574 aquis.

253 1583 320 1642 Non
336 1582 412 1642 alias
427 1583 513 1644 missi
528 1584 668 1644 cecidere
683 1583 871 1658 trequentius
886 1585 982 1658 ignes.

295 1667 363 1726 Rex
378 1672 477 1742 pavet,
499 1675 528 1727 ct
542 1668 625 1742 volgi
641 1674 767 1742 pectora
781 1675 880 1728 terror
892 1666 993 1726 habet.

255 1750 308 1810 (lui
324 1751 382 1810 dea
397 1749 454 1810 ‘Ne
467 1749 591 1811 nimium
606 1758 734 1811 terreret
760 1750 872 1826 piabile
887 1751 1001 1811 tulmen

185 1837 238 1893 290
293 1833 358 1894 Est’
375 1833 473 1896 ait‘et
487 1834 573 1895 saevi
587 1834 887 1910 flectituriralovIs.
1056 1831 1067 1844 '

255 1916 317 1978 Sed
332 1924 473 1993 poterunt
485 1919 574 1979 ritum
588 1919 676 1980 Picus
690 1919 875 1994 Faunusque
890 1917 993 1993 piandi

294 2002 441 2076 Tradere,
462 2003 591 2062 Romani
606 2019 717 2062 numen
731 2009 894 2078 utrumque
909 2001 976 2062 soll.

252 2079 396 2144 Nec'sine
409 2086 440 2144 vi
454 2085 583 2146 tradent.
613 2086 756 2147 adhibeto
771 2087 893 2147 vincula
909 2086 1033 2160 captis!

293 2167 394 2241 Atque
409 2167 458 2239 ita,
476 2184 537 2242 qua
552 2170 681 2246 possint,
697 2170 803 2241 erudit.
820 2177 884 2229 arte
899 2169 977 2244 capi.

186 2260 236 2315 295
251 2248 353 2310 Lucus
366 2248 517 2318 Auentino
533 2253 657 2313 suberat
671 2255 757 2328 niger
771 2253 848 2313 ilicis
863 2254 978 2327 umbra,

293 2333 358 2409 Quo
374 2349 487 2409 posses
500 2335 570 2397 viso
585 2336 689 2398 dicere
705 2342 827 2397 ‘numen
844 2337 957 2397 inestt’

252 2417 286 2477 ln
301 2419 402 2479 medio
417 2434 551 2496 momen,
573 2436 743 2497 muscoque
758 2422 907 2498 adoperta
920 2421 1031 2483 uirenti

293 2502 437 2563 Manabat
452 2519 529 2564 saxo
544 2521 625 2565 vena
639 2506 782 2580 perennis
798 2521 908 2580 aquae.

252 2587 327 2646 lnde
342 2587 405 2646 lere
420 2588 478 2647 soli
491 2587 614 2648 Faunus
629 2589 780 2664 Picusque
794 2588 947 2649 bibebant.

183 2678 235 2732 300
289 2671 356 2729 Huc
371 2670 461 2743 venit,
483 2677 513 2729 et
528 2670 602 2731 fonti
614 2687 670 2732 rex
682 2673 780 2732 Numa
793 2680 906 2733 mactat
925 2687 1032 2732 ovem=

250 2752 405 2827 Plenaque
421 2753 540 2812 odorati
555 2755 690 2830 disponit
704 2755 816 2832 pocula
828 2755 946 2828 bacchi,

293 2835 428 2910 Cumque
443 2836 509 2897 suis
524 2844 610 2898 antro
627 2841 767 2900 conditus
782 2840 851 2916 ipse
864 2842 948 2901 latet.

251 2919 300 2979 Ad
318 2919 426 2981 solitos
442 2921 566 2983 veniunt
580 2923 732 2984 silvestria
746 2925 870 2996 pumina
885 2925 994 2997 luntas,

287 3002 325 3063 Et
338 3005 475 3065 relevant
490 3006 582 3066 multo
598 3014 724 3083 pectora
741 3007 824 3067 sicca
838 3023 934 3068 mero.

183 3092 234 3151 305
252 3087 328 3147 Vina
343 3088 430 3163 quies
446 3090 591 3165 sequitur.
621 3091 722 3166 gelido
738 3090 836 3151 Numa
851 3091 952 3166 prodit
966 3091 1005 3151 ab
1021 3101 1125 3171 antro,

291 3171 463 3247 Vinclaque
481 3174 600 3248 sopitas
616 3175 702 3234 addit
716 3175 745 3234 in
762 3181 827 3235 arta
840 3191 959 3235 manus.

250 3254 382 3315 Somnus
397 3264 430 3316 ut
444 3256 604 3330 abscessit,
626 3259 793 3332 pugnando
809 3258 932 3320 vincula
945 3266 1103 3336 temptant

290 3340 452 3414 Rumpere.
481 3347 651 3416 pugnantes
667 3342 775 3404 ladius
790 3342 841 3402 illa
857 3348 968 3403 tenent.

249 3421 332 3484 Tunc
345 3424 456 3484 Numa:
479 3425 528 3484 ‘Di
542 3441 710 3502 nemorum,
726 3428 813 3488 lactis
829 3426 980 3503 ignoscite
995 3431 1129 3494 nostris.

180 3513 232 3566 oto
288 3507 320 3566 Si
336 3508 438 3568 scelus
454 3508 575 3582 ingenio
594 3509 679 3570 scitis
695 3511 807 3572 abesse
822 3525 901 3579 meo,
