2450 3932
264 1035 465 1122 rorsrrm
487 1037 612 1120 nura
631 967 797 1123 rnnms.

33 1307 65 1403 10
78 1305 276 1416 Parve‚nec
290 1340 431 1415 invideo,
446 1341 515 1404 sine
528 1357 593 1419 me,
608 1341 701 1419 liber,
716 1341 775 1404 ibis
790 1343 822 1404 in
835 1341 958 1407 Urbem.

118 1425 156 1486 tei
171 1425 264 1498 mihi,
283 1425 368 1501 quod
382 1425 507 1488 domino
521 1443 584 1487 non
598 1426 671 1487 licet
684 1427 729 1487 ire
743 1435 812 1488 tuot

79 1509 185 1584 Vade,
203 1511 262 1572 sed
276 1510 424 1586 incultus,
441 1512 562 1585 qualem
577 1512 667 1571 decet
680 1513 779 1572 exulis
795 1528 878 1574 esse:

120 1594 236 1655 Infelix
249 1592 387 1655 habitum
400 1595 548 1671 temporis
563 1595 654 1656 huius
667 1595 756 1655 habe.

12 1701 13 1742 4
53 1677 140 1738 tllec
153 1687 187 1740 te
198 1693 356 1754 purpureo
367 1679 470 1739 velent
483 1679 622 1740 vaccinia
636 1681 723 1741 fuco:

12 1783 13 1788 ¹
120 1763 190 1823 Non
206 1769 256 1823 est
270 1763 457 1824 conveniens
471 1762 604 1824 luctibus
620 1764 671 1823 ille
686 1765 786 1824 color:

79 1846 143 1907 llec
157 1841 266 1908 titulus
281 1846 390 1923 minio,
404 1862 463 1908 nec
478 1848 573 1909 cedro
586 1847 691 1907 charta
705 1854 834 1919 notetur,

121 1931 264 1991 candida
277 1945 334 1991 nee
347 1931 435 2008 nigra
449 1947 565 1993 cornua
580 1933 679 1993 lronte
693 1947 785 2008 geras

78 2013 199 2076 Felices
212 2022 323 2076 ornent
332 2014 410 2075 haec
423 2016 623 2077 instrumenta
636 2016 767 2079 libellos.

33 2108 64 2159 to
118 2098 276 2160 Fortunae
289 2115 456 2161 memorem
469 2108 499 2160 te
515 2101 604 2181 decet
618 2118 689 2164 esse
703 2117 799 2162 meae.

76 2181 140 2242 Nec
155 2183 259 2259 fragil.
273 2199 415 2258 gemmae
429 2185 584 2260 poliantur
593 2187 717 2262 pumice
728 2187 854 2260 frontes,

118 2267 268 2328 Hirsutus
280 2268 401 2343 sparsis
416 2278 450 2330 ut
462 2270 588 2331 videare
604 2272 710 2330 comis.

74 2350 162 2411 Neve
176 2352 337 2413 liturarum
351 2353 477 2428 pudeat.
513 2355 566 2429 qui
580 2355 691 2416 viderit
705 2355 783 2430 illas,

116 2435 167 2496 De
181 2435 318 2497 lacrimis
333 2437 431 2497 laetas
446 2438 556 2498 sentiet
570 2454 642 2498 esse
655 2440 743 2498 meis.

13 2515 14 2580 ζ
31 2527 59 2579 15
72 2520 184 2594 Vade,
200 2520 293 2594 liber,
308 2521 476 2596 verbisque
490 2522 567 2582 meis
582 2523 652 2582 loca
662 2530 748 2596 grata
763 2522 877 2582 salutar

115 2604 303 2679 contingam
318 2611 401 2664 certe
415 2621 477 2679 quo
492 2606 563 2666 licet
575 2607 628 2666 illa
641 2607 732 2683 pede.

72 2688 105 2748 Si
123 2689 214 2762 quis,
230 2687 307 2748 utin
323 2689 456 2764 populo,
472 2691 569 2750 nostri
584 2706 645 2751 non
661 2693 810 2750 inmemor
824 2695 916 2766 extat,

113 2771 152 2833 Si
171 2772 258 2848 quis,
276 2773 344 2849 qui,
362 2773 436 2848 quid
451 2789 556 2848 agam,
572 2776 651 2834 torte
664 2773 811 2850 requirat,
829 2774 899 2832 erit=

68 2858 195 2916 Vivere
210 2873 259 2917 me
274 2857 376 2933 diem,
392 2858 514 2918 salvum
527 2865 628 2918 tamen
645 2875 716 2919 esse
730 2856 873 2932 negabis:

26 2948 55 3002 to
109 2941 150 3001 ld
169 2957 312 3016 quoque,
329 2942 412 3016 quod
427 2943 545 3017 vivam,
560 2960 671 3004 munus
686 2941 800 3002 habere
812 2942 872 3001 dei.

68 3027 184 3099 Atque
197 3023 240 3084 ita
253 3033 284 3085 te
298 3025 408 3087 tacitus
425 3027 583 3102 quaerenti
597 3028 685 3102 plura
698 3026 870 3101 legendum,

112 3109 183 3180 Ne,
201 3110 286 3183 quod
301 3124 362 3168 non
378 3107 459 3185 opu's
475 3116 537 3184 est,
553 3112 632 3171 torte
645 3114 787 3187 loquare,
803 3109 902 3170 dabis.

65 3191 221 3253 Protinus
237 3193 412 3255 admonitus
427 3202 546 3270 repetet
558 3212 628 3255 mea
641 3197 768 3255 crimina
781 3194 886 3269 lector,

110 3275 155 3334 Et
172 3291 308 3352 peragar
322 3279 429 3354 populi
443 3280 587 3355 publicus
602 3295 656 3340 ore
669 3296 753 3341 reus.

23 3368 51 3420 25
65 3360 109 3419 Tu
127 3376 215 3420 cave
230 3361 396 3437 delendaS,
413 3363 553 3438 quamvis
569 3365 750 3424 mordebere
766 3361 869 3423 dietis·

110 3445 223 3504 Causa
236 3447 407 3520 patrocinio
420 3463 481 3506 non
495 3447 579 3507 bona
593 3449 681 3524 peior
694 3449 758 3508 erit.

64 3527 222 3669 Inverffis
238 3529 388 3607 aliquem,
406 3532 458 3608 qui
473 3547 522 3592 me
536 3533 671 3610 suspiret
686 3533 869 3607 ademptum,

45 3624 129 3670 ovio.
206 3654 215 3669 .
807 3625 821 3673 1
