2492 3926
393 234 443 306 lV,
466 231 642 296 tot-476.
965 232 1026 296 281

100 387 177 460 1155,
200 383 384 464 Hyacinthe,
406 389 502 445 tenes.
531 385 609 458 ilias,
633 390 802 456 amarante,
825 385 969 444 555555155

49 480 89 532 tto
138 470 213 530 Pars
228 468 348 546 thyma,
372 483 444 542 pars
459 469 591 543 casiam,
606 483 680 543 pars
695 466 850 527 meliloton
871 475 981 527 amant.
1003 500 1016 520 .

98 553 228 613 Plurima
241 553 321 612 tecta
337 566 412 611 rosa
425 558 482 613 cst
511 559 583 612 sunt
596 557 626 610 et
640 551 707 610 sine
722 551 844 611 nomine
859 548 963 611 flores.

137 637 209 711 ipsa
224 649 334 694 crocos
348 640 457 695 tenues
472 635 595 709 liliaque
609 633 679 694 51155
693 634 774 708 tegit.

100 718 250 794 carpendi
265 717 366 778 studio
381 719 524 793 paulatim
539 717 660 794 longius
675 718 743 791 itur,

137 802 175 862 Et
193 801 346 861 dominam
362 817 437 862 casu
451 802 534 862 nullu
547 809 653 862 secuta
667 816 782 861 eomes.

49 885 184 946 51511555
199 884 281 944 videt
295 890 326 945 et
338 885 435 944 visam
451 892 577 961 patruus
592 886 739 948 velociter
752 884 859 960 aufert,

137 969 307 1042 Regnaque
322 968 471 1029 caeruleis
485 969 515 1028 in
530 985 588 1029 sua
603 976 703 1045 portat
718 969 817 1043 equis.

98 1052 152 1111 iiia
166 1050 289 1128 quidem
304 1050 454 1112 clamabat
467 1054 523 1126 ‘lo,
542 1052 701 1113 carissima
717 1058 821 1123 mater,

136 1135 304 1196 Auferort’
324 1137 393 1210 ipsa
407 1151 482 1196 suos
497 1135 733 1211 abscideratque
751 1133 848 1196 sinus.

99 1218 241 1278 Panditur
254 1217 369 1278 interea
382 1218 441 1279 Diti
457 1219 516 1280 via.
546 1235 680 1294 namque
696 1218 837 1279 dianium

48 1311 88 1362 155
138 1302 255 1362 Lumen
271 1301 421 1363 inadsueti
436 1303 489 1362 rix
504 1304 659 1378 patiuntur
672 1302 754 1377 equi.

100 1388 137 1446 At
152 1384 266 1445 chorus
280 1384 427 1461 aequatis,
444 1387 614 1447 cumulatae
628 1385 707 1446 tiore
721 1384 886 1457 ministrae,
921 1435 925 1444 ,

138 1467 370 1544 'Persephone’
387 1471 517 1530 clamant
531 1470 584 1530 ‘ad
598 1477 650 1529 tua
664 1469 746 1528 dona
761 1468 864 1527 venit’

99 1552 135 1612 Ut
148 1552 278 1612 clamata
292 1552 375 1626 silet,
394 1561 511 1616 montes
527 1553 691 1614 ululatibus
706 1551 840 1626 implent,

136 1635 174 1696 Et
188 1634 301 1696 feriunt
314 1643 450 1697 maestae
463 1645 589 1712 pectora
604 1637 688 1696 nuda
704 1651 822 1695 manus.

51 1723 90 1779 155
100 1719 233 1780 Attonita
247 1725 295 1780 est
308 1721 455 1796 plangore
468 1721 599 1794 05555...
615 1721 708 1780 modo
721 1724 846 1777 venerat
856 1717 1030 1778 Hennam„

137 1803 200 1862 Nee
218 1817 315 1878 mora,
338 1803 401 1863 ‘Me
414 1804 571 1864 5515555551
593 1803 678 1876 11115,’
700 1801 777 1861 dixit
790 1800 855 1861 ‘ubi
877 1800 953 1862 esti'
1022 1805 1028 1816 '

101 1886 206 1946 11155115
221 1885 312 1961 inops
328 1886 456 1962 rapitur,
474 1888 581 1962 quates
596 1887 702 1946 audire
717 1886 853 1948 solemus

135 1969 291 2029 Threicias
306 1969 384 2030 susis
400 1972 566 2030 maenadas
583 1970 628 2029 irc
646 1969 753 2029 comis.

103 2053 137 2113 Ut
151 2053 244 2113 vitulo
260 2053 355 2128 mugit
368 2068 425 2114 sua
439 2060 535 2112 mater
548 2052 586 2112 ab
602 2053 696 2112 ubere
708 2057 807 2127 rapto,

51 2143 90 2196 too
136 2137 172 2196 Et
188 2135 307 2211 quaerit
321 2136 421 2198 ioetus
435 2151 493 2211 per
505 2151 614 2195 nemus
629 2148 720 2194 omne
736 2148 827 2193 suos:

105 2218 151 2279 815
166 2220 235 2279 dea.
266 2233 324 2279 nec
337 2219 447 2280 retinet
458 2217 597 2294 gemitus,
616 2224 646 2277 et
660 2217 780 2278 concita
795 2231 888 2276 cursu

139 2302 260 2374 Fertur,
281 2308 312 2364 et
326 2317 344 2362 e
360 2303 476 2378 campis
492 2302 605 2377 incipit,
619 2301 737 2375 Henna,
752 2301 821 2360 tuis.

104 2386 173 2446 Inde
189 2385 334 2461 puellaris
348 2393 437 2446 nacta
451 2393 498 2446 cst
512 2385 642 2460 vestigia
656 2387 786 2460 plantae,

139 2470 176 2528 Et
192 2485 331 2544 pressam
346 2477 418 2530 neto
434 2471 570 2545 pondere
585 2469 659 2531 vidit
672 2468 803 2528 humum.

51 2557 90 2611 tot
101 2550 235 2613 Forsitan
253 2553 305 2612 iiia
319 2553 385 2612 dies
402 2555 515 2614 erroris
529 2569 647 2614 summa
659 2551 775 2625 suisset,

141 2635 173 2696 Si
189 2651 251 2696 nun
264 2635 439 2697 turbassent
452 2637 540 2712 signa
553 2642 676 2712 reperta
690 2649 773 2694 sues.

103 2719 224 2795 iamque
238 2718 404 2780 Leontinos
417 2721 638 2795 Amenanaque
651 2718 776 2778 flumina
791 2733 882 2778 cursu

138 2802 285 2862 Praeterit
299 2810 330 2861 et
343 2802 442 2878 ripas,
464 2802 597 2863 herbifer
610 2803 676 2875 Aci,
698 2809 782 2862 tuas:

102 2885 245 2946 Praeterit
258 2893 289 2946 et
303 2885 426 2961 Cyanen
443 2894 473 2948 et
487 2889 586 2946 tontes
602 2884 679 2944 lenis
694 2887 796 2959 Anapi

50 2973 89 3028 tro
130 2968 167 3028 Et
181 2977 226 3039 te,
246 2968 412 3030 verticibus
427 2987 488 3032 non
502 2969 644 3029 adeunde
659 2969 742 3028 Gela.

103 3052 243 3125 Liquerat
258 3051 403 3127 Ortygien
417 3052 621 3128 Megareaque
633 3051 869 3125 Pantagienque,

140 3132 267 3209 Quaque
284 3133 486 3212 Symaetheas
501 3135 613 3211 accipit
626 3149 743 3208 aequor
757 3147 864 3207 aquaS,

102 3220 259 3292 Antraque
274 3217 441 3296 Cyelopum
457 3219 566 3294 positis
582 3225 691 3278 exusta
707 3215 843 3288 caminis,

140 3298 260 3374 Quique
275 3301 362 3362 locus
377 3317 490 3362 curvae
505 3301 628 3362 nomina
642 3300 728 3362 151515
744 3300 849 3359 hahet:

52 3387 91 3442 115
104 3384 285 3458 Himeraque
300 3392 330 3446 et
339 3385 491 3460 Didymen
502 3385 736 3460 Acragantaque
747 3383 1031 3454 Tauromenenque,

32 3533 33 3536 ,
143 3467 370 3543 Sacrarumque
379 3468 484 3542 Mytan
499 3485 616 3544 pascua
631 3469 709 3528 taeta
722 3467 827 3526 boum.
