2372 3928
297 229 354 324 rv',
376 247 411 324 o,
433 247 574 324 or-ra
597 248 650 312 aa.

18 413 57 510 ll.
102 449 413 512 nnaruovorro.

68 529 119 626 Hic
132 566 200 626 mihi
216 567 375 628 cimmerio
390 567 438 628 bis
452 568 539 630 tertia
554 569 677 630 ducitur
689 574 793 634 aestas

100 651 193 711 Litore
209 653 332 726 pellitos
348 652 425 712 inter
438 653 558 727 agenda
574 653 676 714 Getas.

67 734 174 808 Eronos
189 742 221 795 tu
237 735 356 809 silices,
377 735 514 809 ecquod,
532 736 704 809 carissime,
725 737 837 798 lenum

100 819 226 878 Duritiae
241 819 380 893 coniers,
395 818 603 893 Albinovano,
620 827 727 881 meoet

48 902 146 961 oGutta
163 909 253 962 cavat
268 903 411 976 lapidem.
440 903 629 964 consumitur
642 905 751 964 anulus
766 919 840 964 usu:

102 984 240 1045 Alleritur
255 1001 365 1061 pressa
378 1001 486 1046 vomer
500 987 639 1047 aduncus
654 987 755 1048 harno.

67 1067 181 1143 Tempus
198 1069 280 1128 edax
295 1068 384 1143 igitur
397 1075 520 1144 praeter
535 1086 592 1130 nos
608 1070 709 1130 omnia
723 1070 837 1146 perdit:

102 1151 200 1212 Cessat
219 1153 329 1212 duritia
343 1168 426 1212 mors
443 1169 567 1229 quoque
583 1153 664 1213 victa
679 1169 756 1213 mea.

68 1233 230 1309 Exemplum
247 1242 295 1296 esl
314 1236 406 1297 animi
421 1236 544 1296 nimium
561 1237 702 1311 pallentis
716 1237 831 1309 Ulixes,

37 1327 59 1376 lc
100 1319 220 1379 lactatus
236 1319 330 1381 dubio
351 1336 407 1396 per
426 1320 488 1380 duo
505 1322 601 1380 lustra
616 1320 701 1381 mari.

70 1402 201 1478 Tempora
216 1404 336 1464 solliciti
352 1404 408 1464 sed
425 1411 600 1464 nontamen
617 1404 718 1465 omnia
733 1404 784 1465 lali

100 1485 229 1561 Pertulit,
249 1495 280 1547 el
296 1487 436 1564 placidae
455 1503 551 1562 saepe
567 1489 652 1547 luere
671 1503 784 1546 morae.

70 1573 106 1630 ,ln
123 1587 212 1644 grave
232 1571 393 1631 sexennis
409 1570 567 1646 pulchram
582 1570 699 1639 lovisse
714 1570 858 1648 Calypso,

101 1654 276 1730 Aeaeaeque
291 1655 346 1715 iull
365 1653 570 1714 concubuisse
587 1655 684 1714 deaei

39 1735 169 1811 lthxoipil
182 1737 394 1814 Hippotades,
411 1738 463 1813 qui
479 1737 532 1798 dal
546 1753 602 1812 pro
618 1752 743 1797 munere
758 1743 876 1810 ventos,

102 1819 204 1881 curvet
219 1829 250 1881 ut
266 1823 407 1897 inpulsos
421 1821 505 1882 utilis
520 1837 594 1881 aura
609 1820 703 1880 sinus.

69 1902 117 1962 ileo
129 1903 204 1965 bene
218 1913 375 1967 cantantes
391 1903 479 1967 labor
496 1911 544 1966 est
563 1904 689 1965 audisse
702 1902 835 1980 puellas:

100 1985 154 2047 Nec
167 1988 341 2063 degustanti
356 1990 437 2050 lotos
452 2005 556 2049 amara
572 1989 634 2048 luit.

70 2067 119 2128 llos
134 2087 205 2147 ego,
220 2075 272 2147 qui
288 2073 405 2148 patriae
420 2072 531 2133 iaciant
546 2071 673 2146 oblivia,
689 2087 782 2132 sucos

38 2156 60 2208 lo
98 2152 175 2215 Parte
191 2172 279 2217 meae
299 2158 393 2230 vitae,
411 2155 437 2216 si
453 2157 545 2216 modo
561 2156 683 2228 dentur,
699 2161 812 2217 emam!

70 2235 118 2297 liec
129 2245 159 2298 tu
172 2241 341 2300 contuleris
356 2239 462 2300 urbem
481 2240 702 2316 Laestrygonis
723 2255 867 2315 umquam

102 2321 254 2397 motibus,
270 2324 394 2399 obliqua
412 2339 490 2398 quas
507 2324 571 2383 obit
586 2323 686 2384 Hister
700 2339 790 2396 aqua.

68 2402 117 2463 llec
130 2406 227 2466 vincet
243 2423 369 2468 saevum
389 2407 522 2483 Cyclops
538 2406 655 2466 lenitate
671 2406 829 2484 Phyacen=

100 2487 147 2560 Qui
163 2497 258 2566 quota
272 2490 397 2552 terroris
418 2506 489 2565 pars
505 2491 585 2551 solet
600 2504 671 2549 csse
686 2489 765 2548 meil

35 2571 56 2625 ll
68 2567 154 2646 Scylla
168 2575 241 2634 leris
261 2581 369 2635 trunco
386 2575 469 2650 quod
486 2574 572 2634 latret
586 2572 625 2632 ab
643 2572 765 2647 inguine
780 2569 958 2632 monstris...

99 2655 267 2718 Heniochae
282 2656 381 2718 nautis'
398 2658 466 2732 plus
482 2673 615 2717 nocuere
631 2665 722 2716 rates.
892 2664 902 2682 ·

66 2735 115 2796 llcc
129 2748 214 2814 potes
231 2741 350 2802 infestis
365 2742 504 2801 conlerrc
522 2739 695 2818 Charybdin
712 2738 855 2812 Achaeis
936 2769 974 2777 «-

99 2822 150 2882 Ter
164 2825 234 2885 licet
248 2833 373 2901 epotum
389 2831 435 2886 ter
449 2831 551 2883 vomat
565 2823 615 2882 illa
635 2825 752 2884 fretum.

67 2901 110 2974 Qui
123 2924 305 2984 quamquam
322 2909 431 2968 dextre
445 2906 570 2982 regione
586 2907 725 2966 licentius
744 2912 854 2979 errant,

33 2985 55 3040 ὅθ
98 2988 238 3052 Securum
253 2993 333 3053 latus
348 2992 408 3051 hoc
426 3006 488 3050 non
505 2999 602 3050 tomen
618 3005 689 3050 esse
706 2989 817 3050 sinunt.

65 3067 108 3130 llic
122 3075 184 3148 agri
199 3075 374 3147 introndes‚
390 3075 440 3134 hic
454 3075 572 3148 spicula
588 3073 678 3134 tincta
692 3072 835 3132 venenis:

96 3154 147 3216 Hic
159 3159 235 3236 freta
252 3161 300 3218 vel
317 3158 411 3234 pediti
428 3157 533 3233 pervia
547 3157 648 3216 reddit
664 3157 769 3227 hieme,

65 3234 107 3310 Ul,
125 3257 184 3315 qua
198 3258 300 3303 remus
316 3241 374 3301 iter
388 3241 486 3317 pulsis
501 3240 593 3300 modo
610 3242 722 3300 lecerat
736 3237 837 3312 undis

98 3320 200 3384 Siccus
214 3332 389 3402 contempta
407 3340 486 3384 nave
501 3323 600 3383 viator
615 3331 672 3384 eal.

31 3400 105 3474 apul
120 3408 241 3471 veniunt
256 3410 360 3484 istinc,
378 3409 430 3469 vix
446 3425 502 3467 vos
518 3424 555 3482 ea
571 3409 696 3466 credere
712 3405 824 3465 dicunt.

97 3491 187 3563 Quam
201 3496 372 3568 miserest,
393 3492 444 3570 qui
460 3493 517 3552 iert
533 3492 693 3567 asperiora
705 3489 782 3550 lide!
