2394 3940
402 237 425 312 1,
446 234 475 311 5,
498 233 632 300 rabo.
970 238 1032 302 125

138 391 286 464 Mensque
300 389 398 464 magis
413 388 518 463 gracili
532 404 662 463 corpore
677 396 783 450 nostra
798 393 886 451 valet.

106 477 171 536 bum
189 474 266 533 bene
282 473 461 547 quaesieris,
486 472 569 545 qood
583 488 686 546 agam,
709 474 807 548 magis
821 476 894 536 utile
908 476 949 536 nil
964 484 1012 536 cst

140 557 261 619 Artibus
276 556 334 630 hia,
355 571 435 630 quae
450 555 491 613 nil
506 556 641 615 utilitatis
656 555 778 616 liabent.

73 655 99 706 55
110 642 282 717 Consequor
296 655 336 698 ex
350 640 409 698 illis
425 653 518 698 casus
533 638 647 698 oblivia
659 641 767 700 nostri.

139 725 221 784 lianc
235 737 368 782 messem
383 723 458 782 satis
474 728 521 782 est
536 722 562 781 si
577 737 645 781 mea
659 722 760 782 reddit
773 723 893 786 humus.

107 809 200 870 Gloria
213 823 271 866 vos
287 813 387 866 acuat.
418 822 485 880 voS,
507 812 542 865 ut
554 806 679 864 recitata
693 806 861 880 probentur
892 849 894 856 -

141 891 284 960 Carmina,
304 889 410 948 Pieriis
425 888 578 962 invigilate
594 887 704 949 choris.

19 1005 20 1008 ¹
108 976 185 1049 Quod
204 973 286 1033 venit
302 988 340 1031 ex
356 972 445 1044 lucili,
468 973 542 1031 satis
559 979 606 1032 est
620 988 806 1048 componere
819 974 919 1047 nobiS,

75 1071 102 1124 oo
144 1059 179 1119 m
191 1057 281 1117 nimis
297 1056 401 1116 intenti
417 1071 511 1116 causo
526 1056 640 1116 laboris
656 1055 751 1117 abest.

107 1143 157 1202 Cur
169 1157 226 1216 ego
242 1139 373 1202 sollicita
387 1139 501 1214 poliam
516 1155 584 1198 mea
598 1141 732 1200 carmina
746 1149 840 1202 curor

140 1227 183 1284 An
201 1239 317 1298 verear,
340 1239 379 1282 ne
395 1239 456 1281 non
472 1223 623 1298 approbet
636 1225 686 1284 illa
704 1225 816 1286 Getes?

106 1309 232 1368 Forsitan
252 1307 398 1368 audacter
412 1305 531 1380 faciam,
554 1307 611 1365 sed
625 1308 740 1382 glorior
753 1310 887 1370 Histrum

140 1392 261 1467 Ingenio
276 1391 392 1451 nullum
406 1389 504 1450 maius
518 1389 632 1450 habere
646 1406 725 1452 meo.

70 1474 170 1549 boHoa
189 1475 240 1534 ubi
255 1474 421 1533 vivendum
436 1479 491 1548 est,
513 1473 587 1534 satis
602 1482 657 1544 est,
681 1475 707 1534 si
723 1491 897 1549 consequor
912 1492 997 1551 arvo,

140 1559 217 1618 lnler
233 1558 417 1618 inhumanos
433 1572 504 1616 esse
520 1565 611 1632 poeta
626 1557 727 1618 Getas.

108 1641 162 1714 Quo
176 1643 258 1719 mihi,
280 1642 437 1700 diversum
452 1641 532 1700 lama
547 1641 732 1701 contendero
746 1643 777 1701 in
793 1643 918 1703 orbem?

141 1727 230 1799 Quem
246 1727 367 1785 fortuna
381 1724 473 1796 dedit,
496 1725 595 1785 Roma
609 1725 647 1784 sit
662 1725 712 1782 ille
726 1727 824 1786 locus,

106 1809 163 1869 Hoc
178 1825 248 1869 mea
261 1815 403 1869 contenta
417 1815 465 1867 est
479 1808 584 1867 infelix
598 1807 686 1868 Musa
701 1805 833 1868 theatro=

72 1899 97 1952 lo
144 1893 191 1952 Sic
205 1893 312 1953 merui,
343 1891 443 1966 magni
458 1892 503 1952 sic
517 1893 643 1953 volucre
658 1890 716 1951 dei.

105 1975 157 2036 llec
170 1993 240 2037 reor
254 1976 326 2035 hinc
339 1975 418 2036 istuc
433 1974 547 2036 nostris
562 1976 618 2035 iter
632 1990 704 2034 esse
718 1976 837 2051 libellis,

140 2062 202 2134 Quo
218 2061 331 2120 boreas
346 2059 440 2133 pinna
455 2059 616 2120 deficiente
631 2060 722 2123 venit.

107 2143 265 2204 Dividimor
279 2145 375 2203 caelo.
406 2158 547 2218 quaeque
563 2149 610 2202 est
625 2144 731 2218 procul
746 2143 822 2204 urbe
837 2143 958 2218 Quirini,

137 2228 254 2303 Aspicit
267 2227 403 2296 hirsutos
419 2227 586 2286 comminus
600 2227 681 2287 Ursa
696 2229 797 2288 Getas.

72 2316 96 2371 lo
106 2308 154 2370 Per
165 2319 280 2372 tantum
295 2319 404 2383 terrae,
424 2315 469 2371 tot
482 2326 579 2386 aquas
595 2311 647 2368 vix
662 2313 789 2371 credere
804 2327 932 2387 possum

139 2395 283 2456 Indicium
300 2394 392 2455 studii
406 2393 598 2454 transiluisse
613 2395 680 2452 mei.
932 2443 941 2460 ,

86 2481 89 2488 ’
106 2475 188 2553 Finge
203 2479 271 2554 legi,
294 2478 439 2553 quodque
454 2483 502 2536 est
514 2476 661 2548 mirabile,
682 2477 764 2551 linge
780 2477 914 2551 placere:

139 2562 301 2624 Auctorem
317 2567 399 2621 certe
413 2576 463 2622 res
478 2561 561 2621 iuvat
575 2561 634 2620 ista
648 2559 731 2618 nihil.

108 2644 175 2716 Quid
187 2646 251 2720 tibi,
275 2647 302 2706 si
318 2645 425 2717 calido,
450 2645 562 2720 prosit,
585 2643 711 2703 laudere
726 2642 837 2720 Syene,

71 2732 96 2786 to
139 2729 198 2790 Aut
209 2729 262 2790 ubi
279 2728 481 2804 Taprobanen
497 2728 601 2789 Indica
617 2727 709 2803 cingit
724 2735 826 2804 aqua?

108 2812 196 2872 Altius
211 2813 255 2872 ire
270 2813 363 2872 libet?
385 2812 411 2870 si
428 2820 457 2871 te
471 2811 614 2871 distantia
627 2812 718 2886 longe

141 2895 296 2957 Pleiadum
310 2896 435 2957 laudent
449 2895 544 2970 signa,
566 2895 638 2969 quid
653 2895 724 2954 inde
739 2897 842 2954 leros?

20 3058 21 3072 χ
108 2975 162 3037 Sed
176 2995 277 3054 neque
292 2979 438 3054 pervenio
455 2979 577 3053 scriptis
592 2979 797 3039 mediocribus
811 2979 898 3055 istuc,

21 3232 25 3292 r

22 3413 26 3479 l

24 3626 32 3755 t

24 3758 36 3887 r

141 3060 295 3138 Famaque
311 3079 379 3122 cum
395 3062 518 3122 domino
534 3062 610 3136 sugit
624 3062 662 3121 ab
676 3062 757 3122 Urbe
773 3079 839 3122 suo.

20 3121 21 3200 l
74 3142 243 3220 divosque,
264 3145 375 3221 quibus
390 3145 475 3220 perii,
495 3151 566 3206 tunc
581 3161 650 3206 cum
664 3161 732 3204 mea
746 3149 826 3206 lama
841 3149 960 3224 sepulta
974 3160 1031 3218 est,

137 3226 222 3289 Nunc
237 3245 362 3307 quoque
377 3229 416 3288 de
429 3235 535 3288 nostra
549 3235 646 3289 morte
659 3236 761 3290 tacere
775 3245 855 3292 reor.
917 3303 919 3307 ¹

418 3421 630 3432 --..-.-——.-.
