2372 3928
184 233 243 299 180
571 231 631 292 EX
650 230 796 293 ΡΟΝΤΟ

261 389 304 449 At
316 387 389 446 milri
403 385 532 459 dilapsis
546 383 624 442 inter
638 397 720 442 nova
732 380 846 457 garudiu
860 382 943 442 curis

302 467 423 530 Excidit
437 467 588 543 asperitas
603 465 695 527 huius
710 464 814 540 iniqua
827 465 897 526 loci.

261 552 343 627 Ergo
358 551 425 624 ubi,
440 551 513 610 lune
527 549 649 626 biceps,
664 550 789 625 longum
803 549 992 612 reseraveris
1010 566 1114 626 annun¹

303 635 413 696 Pulsus
427 640 458 694 et
471 650 490 694 a
503 649 593 697 sacro
608 649 715 694 mense
728 631 898 694 December
912 634 976 707 erit

211 723 245 776 25
258 718 395 794 Purpura
407 717 583 794 Pompeium
598 717 708 777 summi
723 715 837 777 velabit
849 716 986 792 honoris,

303 801 348 861 Ne
362 802 454 861 titulis
469 801 631 876 quicquam
646 799 758 860 debeat
770 800 821 860 ille
834 799 911 862 suis.

262 885 393 946 Cernere
408 885 467 944 iam
481 885 589 945 videor
603 884 702 960 rumpi
723 885 893 960 penetralia
906 884 1002 959 turba,

302 969 341 1030 Et
356 969 501 1044 populum
515 968 596 1028 laedi
611 967 773 1028 deficiente
787 968 867 1042 loco,

260 1053 446 1127 Templaque
459 1051 605 1126 Tarpeiae
620 1051 749 1127 primum
763 1049 817 1111 tibi
832 1052 917 1114 sedis
932 1050 1018 1123 adiri,

210 1136 247 1192 so
301 1137 339 1196 Et
351 1135 418 1196 lieri
432 1135 539 1196 faciles
554 1135 585 1193 in
599 1140 652 1194 tua
666 1141 738 1194 vota
752 1135 846 1196 deos:

260 1219 344 1279 Colla
357 1219 455 1280 boves
471 1219 578 1278 niveos
594 1224 696 1278 certae
710 1216 859 1294 praebere
873 1217 984 1292 securi,

300 1303 383 1376 Quos
398 1301 472 1362 aluit
486 1301 603 1376 campis
618 1299 714 1364 herba
728 1301 945 1363 muscosus:

261 1385 396 1459 Cumque
411 1385 488 1447 deos
502 1401 625 1459 omnes,
644 1391 706 1445 lum
721 1401 801 1460 quos
817 1385 976 1462 inpensius
991 1398 1098 1458 aequos

298 1469 379 1529 Esse
392 1468 446 1528 tibi
461 1469 584 1544 cupias,
600 1485 668 1530 cum
682 1469 757 1529 love
770 1469 885 1530 caesar
899 1468 966 1530 erit.

209 1553 244 1608 35
259 1553 348 1614 Curia
366 1558 396 1613 te
410 1553 555 1628 excipiet,
575 1559 740 1629 patresque
754 1568 773 1612 e
787 1568 873 1613 more
886 1553 987 1613 vocati

299 1636 459 1697 lolendent
474 1652 565 1697 aures
581 1636 621 1695 ad
634 1642 686 1696 tua
702 1636 795 1696 verba
809 1653 893 1696 suas.

258 1721 323 1780 Hos
337 1719 389 1781 ubi
405 1720 537 1780 lacundo
552 1729 604 1780 tua
618 1735 680 1779 vox
694 1719 868 1780 hilaraverit
882 1735 945 1791 ore,

297 1803 398 1880 thue
412 1804 505 1876 solet,
520 1804 621 1864 tulerit
634 1818 784 1878 prospera
797 1803 895 1864 verba
908 1803 985 1874 dies,

263 1887 370 1962 ligeris
384 1893 415 1948 el
428 1887 550 1948 meritas
565 1886 686 1962 superis
700 1903 769 1947 cum
784 1886 917 1948 Caesare
930 1892 1069 1962 grates...

215 1965 251 2021 4⁰
297 1970 352 2046 oui
367 1987 506 2044 causam,
522 1970 617 2031 iacias
631 1985 685 2030 cur
698 1970 739 2030 ita
752 1985 863 2046 saepe,
883 1970 996 2032 dabit...

259 2056 333 2115 lude
348 2055 471 2115 domum
485 2060 606 2129 repetes
623 2061 685 2116 toto
702 2055 865 2116 eomitante
885 2061 1003 2128 senatu,

303 2136 443 2198 Officium
457 2136 565 2213 populi
579 2137 631 2197 vix
647 2139 787 2213 capiente
802 2138 906 2200 domo.

259 2221 309 2280 llle
322 2221 481 2292 miserum,
497 2219 586 2280 turba
601 2220 684 2295 quod
700 2238 760 2281 nou
775 2237 835 2297 ego
850 2238 959 2284 cernar
973 2221 1005 2281 in
1020 2220 1075 2292 illa,

300 2305 364 2364 Nee
380 2310 521 2379 poterunt
535 2303 602 2364 istis
617 2303 730 2366 lumina
744 2313 851 2369 nostra
865 2306 939 2366 lruit
1172 2357 1173 2372 ζ

208 2393 242 2449 45
257 2386 425 2462 Quamlibet
437 2388 610 2462 absentem,
625 2404 687 2462 qua
702 2404 844 2464 possum,
860 2397 962 2450 mente
975 2387 1099 2456 videbor,

299 2473 440 2548 Aspiciet
454 2473 554 2536 vultus
569 2473 707 2534 consulis
723 2472 773 2532 illa
788 2474 846 2534 sui.

256 2554 293 2614 Di
308 2556 432 2630 iaciant,
448 2556 551 2630 aliquo
567 2556 677 2616 subeat
690 2554 742 2616 tibi
756 2563 894 2633 tempore
911 2563 1049 2618 nostrum

296 2637 428 2715 Nomen,
443 2646 474 2700 et
487 2640 593 2699 ‘licut’
610 2639 696 2700 dicas
713 2640 800 2716 ‘quid
815 2640 909 2702 miser
922 2641 973 2700 illc
987 2639 1087 2700 lucill’
1170 2701 1171 2714 1

256 2720 340 2782 Haec
354 2730 405 2782 tua
420 2721 574 2797 pertulerit
587 2722 614 2782 si
629 2725 699 2798 quis
714 2723 785 2784 milri
799 2726 909 2800 verbo,
925 2723 1044 2786 latebor

205 2813 241 2864 50
294 2805 435 2866 Protinus
451 2805 574 2866 exilium
587 2807 708 2868 mollius
723 2823 795 2868 esse
809 2825 920 2870 meum.

203 2985 242 3080 5.
295 3020 355 3082 Ab
380 3020 567 3086 sexuum
587 3023 838 3088 nonnarum.
890 3105 894 3112 ¹

259 3101 322 3210 lte,
340 3138 425 3200 leves
439 3140 532 3216 elegi,
549 3144 656 3203 docus
670 3143 710 3203 ad
725 3144 864 3206 consulis
883 3159 984 3219 aurea

295 3221 458 3298 Verbaque
472 3225 621 3286 honorato
637 3226 712 3288 lerle
727 3228 857 3303 legenda
872 3229 949 3290 viro.

252 3309 359 3380 Longu
373 3306 423 3366 via
436 3315 492 3368 est.
522 3325 580 3369 nee
597 3325 654 3370 vos
670 3310 799 3386 pedibus
816 3311 984 3388 proceditis
999 3313 1108 3390 aequis

291 3389 444 3468 Tectaque
459 3389 586 3453 brumali
600 3392 658 3453 sub
671 3394 741 3455 nive
755 3403 836 3456 terra
850 3398 929 3457 latet.
954 3413 956 3419 ·

226 3483 243 3533 5
259 3475 330 3535 Cum
345 3474 477 3552 gelidum
490 3475 627 3537 Thracen
641 3486 673 3539 et
686 3486 826 3557 opertum
839 3479 974 3542 nubibus
988 3478 1126 3544 Haemon
