2372 3928
148 223 211 284 206
322 245 327 254 ·
531 217 786 279 Fastorum

231 377 282 436 Ad
297 373 425 450 primam
440 385 548 431 vocem
562 371 683 430 timidas
699 369 857 430 advertitis
878 387 977 440 aures,

171 469 219 523 tao
273 459 311 519 ttt
326 458 423 516 risam
438 455 567 530 primum
582 453 715 515 consutit
728 467 825 528 augur
839 469 937 513 avem.
1182 521 1183 536 ἶ

230 543 355 616 Tempta
372 545 475 615 putent
489 551 642 612 auresque
657 539 762 605 deum,
781 551 838 598 nec
853 537 956 612 tingue
973 540 1107 600 caducas
1182 541 1183 564 t

273 624 411 699 Concipit
425 623 487 682 utta
503 637 627 698 praeca,
643 622 785 696 dictaque
799 622 921 699 pondus
936 623 1077 684 habent!

233 709 373 769 Desierat
388 707 488 766 lanus.
517 705 680 780 nacionga
694 703 813 765 silentia
829 706 896 778 ieci,

277 791 340 852 Sed
357 789 438 865 tetigi
453 789 556 850 verbis
570 789 675 851 uttima
688 787 783 848 verba
799 788 892 848 meisa

170 881 219 934 185
234 875 326 950 ‘Quid
340 877 405 935 voit
421 876 521 949 patrna
537 873 595 933 sibi
608 887 785 947 rugosaque
800 873 929 944 carica,’
947 875 1014 934 dixi

272 959 322 1018 ‘Et
336 959 408 1018 data
423 959 480 1018 sub
495 959 585 1017 niveo
603 957 726 1016 condita
740 956 829 1016 melta
844 957 956 1016 cadot’

232 1044 353 1104 ‘Omen’
370 1043 411 1101 ait
427 1045 535 1101 ‘causa
549 1049 609 1116 est,
625 1048 658 1100 ut
671 1056 721 1100 res
736 1055 832 1115 sapor
845 1041 895 1100 itle
910 1051 1071 1116 sequatur,

272 1127 310 1186 Et
324 1134 449 1202 peragat
464 1132 606 1201 coeptum
621 1125 719 1185 dutcis
733 1129 767 1184 ut
781 1139 879 1184 annus
895 1123 973 1184 iter!

232 1211 354 1270 ‘Dutcia
369 1225 423 1268 cur
437 1210 559 1282 dentur,
574 1209 676 1268 video.
706 1207 794 1283 stip-is
809 1207 897 1268 adice
912 1223 1051 1282 causam,

171 1304 221 1358 190
275 1293 349 1352 Pars
368 1291 440 1352 mihi
454 1293 493 1352 de
507 1293 585 1352 testo
601 1308 640 1351 nc
655 1291 736 1351 tabet
748 1292 811 1351 ulia
824 1295 899 1351 tuo’

232 1377 326 1450 Risit,
342 1384 372 1436 et
385 1375 423 1434 ‘0
440 1391 530 1450 quam
547 1384 577 1436 te
593 1376 697 1435 iattunt
710 1381 763 1434 tua
779 1377 929 1449 saecuta,’
945 1376 1025 1436 dixit

276 1459 346 1534 ‘Qut
361 1460 441 1536 stipe
456 1461 514 1520 met
528 1466 649 1534 sumpta
664 1459 783 1520 dulcius
799 1474 870 1520 esse
886 1466 993 1534 putas!

233 1545 295 1605 Vix
307 1561 365 1620 ego
382 1543 512 1604 Saturno
529 1559 711 1620 quemquam
725 1551 870 1618 regnante
886 1543 1040 1616 videbam,

279 1630 369 1689 Cuius
386 1645 447 1689 non
463 1629 563 1687 animo
578 1627 679 1688 dulcia
693 1628 777 1686 tucra
792 1627 899 1687 tarent.

174 1719 221 1772 195
236 1713 384 1788 Tempore
399 1711 495 1772 crevit
509 1727 606 1783 amor,
623 1712 675 1786 qui
689 1726 770 1770 nnnc
784 1717 831 1772 est
845 1727 999 1783 summuS,
1020 1709 1147 1772 'habena

276 1799 337 1856 Vix
351 1798 443 1869 ultra,
462 1811 522 1871 quo
538 1797 597 1855 iam
615 1795 840 1871 progrediatur,
855 1795 957 1855 habet.

233 1881 331 1940 Pluris
348 1896 425 1956 opes
440 1897 522 1940 nune
536 1885 619 1951 sunt,
636 1893 726 1954 quam
742 1879 834 1954 prisci
847 1880 996 1954 temporis
1011 1881 1107 1952 annis,

276 1964 353 2024 Dum
370 1965 504 2040 populus
519 1979 649 2039 pauper,
666 1963 739 2021 durn
753 1978 836 2023 nova
849 1964 948 2023 Roma
963 1963 1034 2023 tutu

235 2050 313 2108 Dum
329 2063 402 2108 casa
415 2048 613 2124 Martigenam
628 2044 768 2121 capiebat
784 2063 879 2122 parva
893 2047 1060 2122 Quirinum,

169 2145 222 2197 aaa
278 2131 315 2190 ttt
332 2131 424 2190 dabat
439 2130 581 2204 exiguum
597 2129 729 2190 fluminis
745 2133 817 2190 ulva
830 2137 940 2191 torum.

236 2215 373 2290 luppiter
387 2221 517 2288 angusta
530 2214 582 2272 vix
599 2219 679 2274 totus
695 2214 796 2276 stabat
810 2217 839 2274 in
854 2215 941 2290 aede,

278 2298 373 2373 Inque
388 2296 471 2357 iovis
488 2298 595 2358 dextra
609 2298 699 2358 fictile
714 2298 828 2360 tulmen
843 2299 917 2361 erat.

235 2381 406 2444 Fraudibus
423 2381 585 2454 ornabant,
603 2398 683 2458 quae
696 2398 778 2442 nunc
787 2382 940 2458 ⁴Capitolia
953 2385 1087 2459 gemmis,

279 2465 489 2542 Pascabatque
504 2483 577 2527 suas
593 2467 662 2542 ipse
676 2474 800 2527 senator
815 2483 900 2528 oves.
923 2463 925 2470 ⁴

173 2559 223 2612 205
237 2552 299 2610 Nec
314 2550 428 2627 pudor,
445 2551 474 2609 in
488 2551 599 2626 stipata
614 2550 764 2626 placidam
780 2552 902 2626 cepisse
917 2553 1048 2627 quietem

278 2636 315 2694 Et
330 2636 452 2694 toenum
468 2634 559 2708 capiti
575 2634 781 2710 supposuisse
796 2635 859 2694 tuit.

236 2721 305 2777 Iura
322 2717 414 2776 dabat
430 2716 551 2792 populis
567 2718 667 2792 posito
682 2718 774 2779 modo
791 2725 913 2793 praetor
927 2726 1036 2791 aratro,

277 2801 315 2860 itt
329 2801 406 2860 levis
421 2800 537 2874 argenti
553 2801 695 2861 lammina
709 2801 823 2862 crimen
839 2809 912 2863 erat

237 2885 277 2945 nt
292 2890 455 2960 postquam
472 2885 592 2944 iortuna
607 2885 664 2944 toci
680 2893 772 2961 caput
785 2886 892 2946 extatit
905 2885 1005 2960 huius

173 2983 225 3035 110
280 2969 318 3029 Et
330 2968 426 3042 tetigit
441 2984 559 3028 summo
575 2970 689 3028 vertice
703 2970 801 3029 Roma
817 2969 904 3042 deos,

239 3052 406 3112 Creverunt
420 3058 450 3110 et
464 3067 540 3128 opes
557 3059 587 3112 et
601 3069 693 3129 opum
708 3052 824 3113 furiosa
840 3053 962 3130 cupido,

277 3135 328 3207 Et,
345 3151 412 3194 cum
429 3136 609 3211 possideant
624 3135 773 3213 piurima,
787 3137 873 3213 ptura
889 3145 1002 3213 petunt.

237 3219 401 3293 Quaerere,
416 3227 449 3280 nt
462 3220 634 3293 absumant,
651 3219 813 3296 absumpta
827 3221 983 3295 requirere
999 3226 1115 3281 certant

277 3305 379 3379 Atque
394 3303 480 3379 ipsae
495 3303 574 3363 vitiis
591 3310 662 3364 sunt
675 3304 817 3365 alimenta
832 3306 927 3364 vices.

169 3397 221 3448 115
237 3385 287 3446 Sic
304 3387 414 3461 quibus
429 3387 566 3446 intumuit
580 3385 699 3448 suffuso
713 3396 820 3450 venter
834 3389 873 3448 ab
888 3389 980 3456 unda

278 3469 343 3543 Quo
360 3472 429 3542 ptus
445 3477 515 3530 sunt
530 3477 634 3542 notae,
650 3473 720 3547 plus
735 3473 876 3534 sitiuntur
890 3488 1002 3548 aquae.
