2394 3940
179 230 243 294 120
572 227 631 287 EX
649 227 799 288 PONTO

264 383 382 444 Tollere
398 381 549 440 nodosam
564 378 663 438 nescit
677 379 828 438 medicina
842 379 1024 456 podagram,

306 467 368 526 Neo
383 463 552 524 formidetis
566 462 728 522 auxiliatur
741 461 840 536 aquis
885 473 888 478 '

214 561 249 613 25
264 549 343 610 Cura
357 563 480 623 quoque
495 546 646 607 interdum
660 546 743 606 nulla
757 545 946 607 medicabilis
962 557 1043 608 arte:
1074 551 1078 558 “

308 635 383 704 Aul,
397 638 430 691 ul
444 632 497 700 sit,
514 631 606 704 longa
620 637 668 690 esl
682 631 867 689 attenuanda
885 645 980 690 mora.

265 717 339 777 Cum
354 715 431 774 bene
446 715 604 774 firmarunt
617 713 749 773 animum
765 721 931 789 praecepta
944 713 1101 788 iacentem,

308 798 498 873 Sumplaque
512 805 584 858 sont
598 796 688 858 nobis
703 797 837 872 pectoris
853 813 937 856 arma
950 799 1004 872 tui,
1182 797 1183 808 ¹

263 885 383 945 Rursus
399 897 485 941 amor
500 882 615 956 patriae
629 881 746 940 ratione
763 881 911 940 valentior
925 882 1009 941 onmi

214 975 250 1030 llo
307 966 395 1040 Quod
409 972 461 1024 lua
475 971 638 1025 texuerunt
652 964 780 1038 scripta,
796 964 907 1024 retexit
921 980 1013 1039 opus.

265 1051 338 1112 Sive
355 1050 436 1124 pium
451 1049 500 1108 vis
514 1048 589 1121 hoa,
604 1048 671 1108 sive
684 1046 745 1106 boe
759 1048 907 1107 muliebre
920 1049 1037 1123 vocari,

308 1134 462 1194 Confiteor
476 1132 588 1192 misero
603 1132 695 1192 molle
710 1145 765 1191 eor
779 1146 852 1191 esse
867 1130 949 1190 mihi.

262 1218 330 1278 Non
346 1216 440 1277 dubia
454 1223 501 1276 est
516 1215 609 1275 llbaoi
624 1213 795 1289 prudentia.
830 1215 888 1276 sed
902 1221 1005 1275 tamen
1022 1223 1105 1291 optat

307 1301 435 1362 Fumum
450 1301 491 1360 de
507 1299 612 1375 patriis
628 1314 724 1374 posse
738 1298 844 1356 videre
858 1298 948 1360 locis.

213 1393 248 1448 35
261 1385 373 1446 Nescio
390 1400 450 1459 qua
464 1386 564 1443 natale
579 1383 678 1442 solum
695 1382 857 1442 dulcedine
873 1390 982 1457 captos

272 1461 275 1466 ’
305 1467 409 1542 Du'oit,
425 1474 455 1527 el
469 1467 652 1527 inmemores
669 1481 728 1525 non
744 1466 816 1526 sinit
829 1481 901 1526 esse
916 1467 974 1527 sui.
1184 1475 1185 1484 ’

264 1552 342 1626 Quid
357 1551 466 1609 melius
480 1551 600 1610 Romal
627 1548 771 1625 Scythico
788 1549 860 1624 quid
877 1550 990 1625 frigore
1008 1549 1116 1626 pelosi

306 1636 373 1695 Huo
388 1641 488 1693 tamen
504 1647 544 1692 ex
558 1634 609 1692 illa
623 1632 772 1692 barbarus
787 1630 863 1693 urbe
878 1635 962 1708 sugit.

265 1719 338 1780 Cum
352 1717 432 1777 bene
447 1717 487 1776 sit
502 1718 626 1776 clausae
641 1731 737 1776 cavea
749 1715 907 1777 Pandione
920 1724 1022 1793 natae,

212 1812 248 1865 40
304 1802 412 1863 Nititur
425 1801 454 1860 in
472 1801 569 1861 silvas
583 1801 635 1860 illa
649 1799 749 1859 redire
765 1816 848 1860 suas.
1040 1808 1041 1811 ’

261 1887 418 1946 Adsuetos
432 1885 510 1945 tauri
525 1887 635 1956 sallus,
652 1885 780 1943 adsueta
796 1885 931 1946 leones...

303 1969 366 2028 Neo
381 1969 485 2029 leritas
501 1967 570 2028 illos
586 1968 743 2042 impedit...
758 1975 844 2028 antra
859 1975 972 2044 petunt.

262 2055 305 2113 Tu
319 2060 420 2111 tamen
436 2052 517 2111 exilii
532 2068 654 2111 morsus
669 2067 687 2110 e
702 2057 827 2127 pectore
841 2059 947 2113 nostro

303 2135 458 2196 lomentis
474 2151 583 2209 speras
599 2135 710 2194 cedere
725 2149 821 2211 posse
835 2136 905 2196 tuis.

214 2229 248 2282 la
262 2217 374 2287 Effice,
394 2233 453 2278 vos
469 2218 529 2293 ipsi
543 2234 582 2277 ne
596 2226 658 2278 tam
671 2219 744 2278 mibi
760 2219 827 2279 sitis
841 2227 978 2280 amandi:

305 2300 428 2362 Talibus
445 2308 479 2363 ul
494 2302 592 2363 levius
606 2303 646 2362 sit
661 2301 798 2362 caruisse
812 2304 933 2363 malum.

262 2388 317 2459 At,
334 2393 423 2461 puto,
441 2403 502 2461 qua
516 2388 633 2447 lueram
647 2386 782 2461 geniluS,
797 2387 904 2446 tellure
920 2389 1036 2448 carenti

304 2471 337 2529 ln
353 2477 453 2531 tamen
468 2471 603 2532 hnmano
619 2470 744 2544 contigit
758 2485 829 2530 esse
843 2472 923 2530 loeo.

263 2554 352 2616 Orbis
367 2555 398 2614 io
414 2556 541 2615 extremi
556 2555 643 2615 iaoeo
659 2554 800 2614 desertus
816 2555 928 2628 arenis,

212 2649 247 2703 50
302 2639 373 2698 Fert
385 2639 437 2699 ubi
454 2646 617 2713 perpetuas
634 2639 742 2698 obruta
755 2644 836 2698 terra
851 2638 949 2698 nives.

261 2722 328 2781 Non
344 2735 419 2795 ager
432 2720 482 2780 hio
497 2737 636 2796 pomum,
652 2736 713 2779 non
729 2721 835 2782 dulces
850 2722 961 2782 educat
974 2721 1101 2795 herbas,

303 2805 370 2864 Non
390 2804 502 2863 salices
516 2805 598 2878 ripa,
614 2804 727 2865 robora
742 2812 844 2874 monte
863 2807 971 2865 virent.

261 2888 345 2947 Neve
360 2889 466 2946 lietum
481 2895 562 2948 terra
576 2888 683 2948 leudes
698 2889 811 2963 magis,
828 2905 964 2964 aequora
978 2903 1107 2966 sempor

304 2973 472 3034 Ventorum
487 2972 571 3032 rabie
585 2971 703 3034 solibus
719 2973 795 3034 orba
808 2980 933 3033 tument.

211 3067 246 3118 55
262 3056 461 3131 Quocumque
476 3056 625 3131 aspicias,
642 3057 741 3130 campi
757 3057 872 3116 cultore
887 3064 1027 3118 carentes

302 3141 477 3214 Vastaque,
495 3156 575 3214 quae
588 3156 679 3200 nemo
693 3139 842 3217 vindicet,
858 3157 934 3202 arva
947 3141 1061 3201 iacent.

260 3222 366 3283 Hostis
381 3223 470 3283 adest
485 3225 593 3284 dextra
608 3224 759 3300 laevaque
774 3241 792 3286 a
807 3233 893 3301 parte
908 3223 1078 3299 timendus,

301 3306 475 3382 vicinoque
490 3315 571 3368 metu
584 3316 677 3368 terret
690 3315 851 3383 utrumque
866 3310 955 3367 lalus.

259 3391 364 3451 Altera
376 3390 530 3452 Bistonias
546 3409 618 3467 pars
633 3398 681 3454 est
695 3407 825 3452 sensura
839 3389 989 3452 sarissasz

210 3483 247 3534 oo
301 3475 406 3533 Altera
421 3474 588 3535 Sarmatica
603 3474 722 3550 spicula
735 3473 830 3534 missa
845 3491 947 3536 manu.
