2492 3926
432 224 661 326 tuce—nt.
983 225 1041 292 eu

151 380 180 439 A
196 395 258 453 quo
274 393 309 438 se
325 378 435 438 dictam
451 384 530 438 terro
544 377 664 438 Falisco
678 384 772 453 putet.

68 472 97 527 ts
112 462 208 524 Adice
221 461 371 522 Troianae
386 475 547 522 suasorem
561 463 719 522 Antenora
734 461 828 536 pacis,

150 545 188 604 Et
202 560 349 620 generum
365 543 516 618 Oeniden,
532 545 634 620 Apule
648 545 763 618 Daune,
787 552 878 605 tuum.

113 629 206 689 Serus
222 629 260 688 ab
276 629 377 688 Iliacis
393 633 423 686 et
436 634 508 703 post
523 630 682 688 Antenora
696 626 826 688 llammis

150 713 258 773 Attulit
271 715 395 772 Aeneas
410 711 441 772 in
455 713 526 770 loco
540 717 646 772 nostra
665 711 753 772 deos.

113 796 208 856 Huius
223 802 288 855 erat
302 795 447 873 Solymus
463 794 594 871 Phrygia
610 810 713 854 comes
730 811 806 854 onus
822 795 860 855 ub
877 796 938 867 lda,

70 891 99 942 to
152 883 180 939 A
195 894 256 954 quo
273 877 427 940 Sulmonis
442 878 564 938 moenie
578 893 689 936 nomen
705 877 830 938 habent:

114 961 266 1024 Sulmonis
280 961 381 1037 gelidi,
405 961 530 1036 patriae,
555 960 744 1034 Germanice,
767 969 899 1022 nostrae.

150 1046 200 1106 Me
216 1047 372 1116 miserum,
392 1044 538 1120 Scythico
555 1059 646 1120 quom
661 1045 768 1120 procul
785 1046 834 1104 illa
849 1046 916 1106 solo
935 1053 997 1106 estt

112 1131 191 1204 Ergo
207 1145 273 1204 age,
297 1135 356 1188 tarn
373 1129 480 1202 longas
496 1129 552 1188 sed
567 1129 739 1204 supprime,
755 1127 852 1201 Musa,
872 1131 1039 1204 querellas!

150 1213 217 1272 tlon
233 1213 286 1274 tibi
300 1219 371 1272 sunt
385 1220 501 1272 maesto
515 1227 604 1272 sacre
619 1211 757 1272 canenda
771 1212 854 1290 lyra!

71 1307 99 1361 85
114 1299 176 1372 Quo
192 1313 255 1356 non
268 1295 361 1355 Livor
375 1295 457 1356 abitt
471 1301 542 1357 sunt
556 1295 608 1370 qui
624 1295 675 1356 tibi
691 1295 805 1356 mensis
821 1296 967 1356 bonorem
999 1287 1003 1294 ’

152 1381 312 1458 Eripuisse
328 1379 422 1438 velint
435 1379 784 1454 invideantquevenus.

114 1466 202 1537 Num,
225 1463 298 1540 quia
313 1477 366 1523 ver
380 1463 478 1538 aperit
491 1471 563 1524 tunc
578 1462 693 1536 omnia,
716 1463 876 1538 densaque
891 1463 970 1524 cedit

150 1547 285 1623 Frigoris
301 1547 467 1622 asperitas,
490 1547 633 1620 laetoque
648 1553 727 1604 terra
745 1553 835 1621 patet,
901 1587 906 1592 -

115 1631 249 1708 Aprilem
262 1639 431 1692 memorant
444 1630 483 1690 ab
499 1637 605 1706 aperto
621 1636 760 1706 tempore
774 1629 901 1690 dictum:

74 1723 103 1776 90
151 1715 245 1790 Quem
258 1715 365 1775 Venus
381 1715 491 1775 iniecto
506 1713 732 1774 vindicetalma
749 1728 848 1772 manu.
894 1773 898 1776 .

114 1799 165 1858 llla
179 1798 303 1874 quidem
317 1804 412 1859 totum
427 1797 605 1873 dignissime
621 1802 767 1872 temperat
782 1796 901 1856 orbem:

152 1883 207 1942 llla
221 1889 303 1943 tenet
317 1883 400 1943 nullo
415 1897 510 1956 regna
523 1880 641 1942 minora
657 1881 725 1953 deo,

115 1967 242 2041 luraque
256 1967 308 2026 dat
322 1967 421 2039 coelo,
444 1971 558 2035 terroe,
579 1964 728 2027 natatibus
745 1963 843 2035 undis,

152 2050 270 2124 Perque
285 2058 360 2110 suos
375 2049 466 2110 initus
481 2047 616 2108 continet
629 2062 719 2108 omne
734 2061 841 2121 genus.

77 2132 164 2194 sollu
177 2134 256 2194 deos
272 2144 410 2193 omnes...
427 2133 549 2207 longum
565 2137 611 2191 est
626 2145 816 2192 numerare...
833 2129 959 2190 creavit=

151 2217 206 2276 llla
220 2217 296 2277 setis
313 2231 422 2276 causes
438 2214 663 2290 arboribusque
677 2214 776 2274 dedite

29 2317 30 2320 ¹
116 2300 165 2360 llla
178 2299 274 2361 rudes
290 2298 408 2360 animos
424 2299 579 2360 hominum
595 2297 744 2358 contraxit
762 2296 908 2370 inunum,

151 2384 189 2446 nt
203 2383 308 2446 docuit
322 2383 405 2458 iungi
420 2398 488 2444 cum
504 2397 578 2458 pare
590 2395 742 2458 quemque
758 2395 824 2440 sua.

29 2495 30 2498 ¹
117 2467 191 2541 Quid
202 2483 300 2543 genus
313 2481 402 2527 omne
414 2473 496 2526 creat
506 2465 672 2540 volucrum,
684 2463 743 2522 nisi
754 2461 866 2522 blanda
878 2460 1040 2534 voluptosv

29 2621 30 2634 ἢ
65 2560 103 2612 loo
150 2551 214 2612 Nec
229 2557 338 2612 coeant
353 2550 504 2626 pecudes,
521 2550 548 2610 si
563 2549 639 2610 levis
655 2547 737 2608 absit
750 2559 844 2605 amor.

29 2701 30 2712 ,
117 2634 185 2696 Cum
200 2650 285 2695 mare
306 2641 375 2696 trux
391 2635 470 2694 aries
486 2649 582 2708 cornu
597 2633 742 2692 decertat.
777 2635 807 2688 at
820 2627 900 2688 idem

29 2725 30 2760 ³
151 2718 294 2779 Frontem
310 2719 438 2778 dilectae
453 2718 576 2778 laedere
589 2715 688 2792 parcit
706 2712 784 2773 ovis.

29 2823 30 2874 ff
116 2802 260 2878 Deposito
274 2802 411 2878 sequitur
425 2809 529 2871 taurus
545 2801 661 2860 feritate
676 2799 846 2869 iuvencam,

29 2899 31 2926 ²
154 2886 248 2961 Quem
262 2887 316 2948 toti
331 2885 442 2958 saltus,
466 2900 557 2959 quem
571 2899 679 2944 nemus
695 2895 785 2942 omne
799 2876 906 2940 tremit.

67 2978 103 3031 105
117 2970 167 3031 Vis
183 2971 292 3032 eadem
306 2971 367 3031 lato
383 2969 600 3046 quodcumque
615 2965 671 3027 sub
688 2978 823 3040 aequore
840 2961 922 3033 vivit,

30 3055 31 3058 ’
154 3053 276 3127 Servat,
300 3061 330 3114 et
343 3052 508 3114 innumeris
525 3051 663 3127 piscibus
676 3049 780 3125 implet
794 3061 902 3120 aquas.

115 3136 211 3198 Primo
226 3139 308 3200 ieros
323 3137 444 3199 habitus
460 3135 574 3198 homini
589 3133 729 3195 detraxit.
757 3131 796 3190 ab
811 3130 863 3188 illa

31 3257 32 3296 3
153 3220 311 3284 Venerunt
324 3223 423 3284 cultus
439 3220 613 3293 mundaque
628 3232 701 3278 cura
716 3215 778 3276 suic

116 3303 228 3366 Primus
244 3322 349 3367 ainans
366 3320 488 3366 carmen
505 3303 658 3378 vigilatum
673 3305 764 3362 nocte
775 3303 884 3370 negato

66 3394 104 3448 llo
151 3388 266 3450 Dicitur
279 3389 319 3451 ed
334 3390 456 3450 clausas
473 3385 667 3448 concinuisse
682 3383 776 3442 iores.

34 3541 35 3544 Ἴ
116 3471 337 3548 Eloquiumque
352 3473 407 3534 luit
421 3473 528 3533 duram
542 3482 670 3530 exorare
691 3463 839 3541 puellomt
