2394 3940
305 247 327 319 l,
350 245 378 314 9,
399 245 535 312 20-10.
556 248 608 310 36.

17 395 46 490 0.
98 433 287 512 unacco.

58 531 141 627 Naso
156 581 214 626 suo
230 567 380 642 profugus
398 567 485 629 mittit
498 565 561 640 tibi,
581 564 699 640 Flecte,
722 565 867 626 salutem=

93 651 210 711 Mittere
223 666 288 712 rem
304 651 331 712 si
348 651 426 726 quis,
450 669 513 728 qua
528 657 610 710 caret
624 650 701 726 ipse,
724 657 836 725 potest.

57 737 174 810 Longus
190 735 270 795 enim
285 735 366 796 curis
383 736 519 798 vitiatum
535 749 648 810 corpus
664 734 775 794 amaris

93 820 158 878 Non
173 819 285 894 patitur
298 819 380 880 vires
394 821 525 896 languor
538 817 652 879 habere
667 833 751 879 suas.

35 905 112 966 5Nec
127 903 216 965 dolor
228 905 310 964 ullus
325 904 423 981 adest,
445 920 503 966 neo
520 903 655 964 febribus
671 919 742 963 uror
756 902 883 978 anhelis,

91 987 128 1047 Et
143 988 260 1063 peragit
273 988 356 1048 soliti
369 1005 450 1049 vena
464 988 578 1049 tenoris
593 989 658 1048 iter.

58 1071 94 1132 Os
107 1072 202 1132 hebes
217 1079 273 1146 est,
298 1073 480 1150 positaeque
495 1079 619 1133 movent
633 1071 756 1133 lastidia
771 1085 905 1147 mensae,

92 1156 128 1216 Et
142 1171 262 1231 queror,
283 1156 376 1218 invisi
390 1174 460 1218 cum
474 1158 558 1218 venit
570 1157 647 1218 hora
663 1155 732 1217 cibi.

58 1241 137 1316 Quod
151 1257 243 1319 mare,
265 1243 349 1318 quod
364 1244 462 1319 tellus,
483 1257 616 1318 appone,
635 1240 720 1316 quod
734 1241 845 1302 educat
859 1257 920 1315 aer,

27 1335 51 1386 lt
92 1325 136 1384 Nil
150 1325 200 1402 ibi,
224 1327 309 1402 quod
324 1327 414 1387 nobis
430 1327 589 1400 esuriatur,
611 1326 675 1386 erit.

56 1410 157 1470 Nectar
170 1418 200 1470 et
214 1411 409 1485 ambrosiam,
432 1412 538 1471 latices
554 1411 725 1486 epulasque
739 1410 874 1484 deorum,

91 1495 146 1554 Det
159 1495 231 1555 mihi
246 1497 383 1556 formosa
396 1511 477 1554 nava
490 1495 618 1556 Iuventa
631 1509 738 1554 manu:

57 1579 113 1639 Non
127 1585 225 1640 tamen
241 1585 371 1639 exacuet
385 1586 510 1656 torpens
526 1594 621 1654 sapor
634 1577 684 1637 ille
699 1576 842 1653 palatum,

91 1661 183 1723 Stabit
197 1670 226 1725 et
241 1663 272 1724 in
288 1663 446 1724 stomacho
462 1663 585 1740 pondus
600 1662 695 1721 inerte
711 1661 771 1722 diu.

28 1751 52 1804 15
61 1746 135 1807 Haec
149 1763 206 1824 ego
221 1764 285 1809 non
300 1749 407 1823 ausim,
431 1763 500 1808 cum
514 1748 576 1808 sint
589 1746 760 1819 verissima,
784 1744 882 1807 cuivis

93 1831 238 1892 Scribere.
274 1832 399 1892 delicias
415 1849 454 1893 ne
468 1833 549 1892 mala
563 1836 669 1902 nostra
682 1835 782 1890 vocet

59 1913 168 1976 Scilicet
181 1916 208 1977 is
224 1922 323 1978 status
337 1923 393 1991 est,
416 1933 454 1978 ea
470 1931 572 1976 rerum
587 1916 684 1975 forma
698 1928 841 1986 mearum,

91 1999 209 2061 Deliciis
224 2001 315 2061 etiam
329 2001 431 2077 possit
445 2007 477 2062 ut
491 2016 563 2062 esse
577 2002 675 2060 locus.

59 2083 176 2144 Delicias
191 2085 234 2145 illi
250 2101 361 2161 precor
374 2085 430 2145 iras
447 2085 632 2160 contingere,
655 2082 753 2157 siquis

28 2173 53 2225 n
95 2167 136 2228 No
150 2167 221 2228 mihi
237 2169 276 2230 sit
290 2169 387 2229 levior
403 2169 613 2244 Caesarisne,
634 2168 727 2230 timet.

59 2251 83 2312 ls
97 2269 225 2330 quoque,
250 2254 301 2328 qui
314 2253 420 2328 gracili
435 2253 522 2314 cibus
538 2258 584 2314 est
598 2253 631 2312 in
645 2266 783 2327 corpore,
807 2264 943 2325 somnus,

91 2337 154 2396 Non
169 2338 221 2399 alit
234 2338 338 2399 allicio
352 2354 466 2414 corpus
481 2338 571 2398 lnane
586 2352 653 2398 suo.

57 2418 111 2480 Sed
125 2422 223 2496 vigilo,
249 2422 435 2498 vigilantque
450 2422 509 2482 mei
525 2422 591 2482 sine
606 2421 667 2480 fine
683 2421 816 2493 dolores,

92 2505 218 2579 Quorum
233 2507 390 2567 materiam
404 2507 457 2566 dat
471 2507 557 2567 locus
573 2506 641 2581 ipse
656 2503 737 2562 mihi.

25 2589 109 2649 ttVix
123 2589 211 2665 igitur
225 2591 331 2666 possis
347 2591 435 2652 visos
450 2604 620 2667 agnoscere
635 2589 745 2662 vultus,
791 2632 798 2644 .

92 2673 216 2749 Quoque
231 2676 308 2750 ierit,
331 2690 473 2751 quaeras,
497 2674 710 2749 quintanae,
733 2673 828 2732 color.

53 2755 160 2818 Parvus
174 2760 205 2818 in
220 2759 318 2819 exiles
334 2775 428 2820 sucus
443 2759 516 2819 mihi
530 2759 671 2834 pervenit
685 2763 784 2817 artus:

87 2842 283 2918 Membraque
299 2850 370 2904 sunt
384 2860 455 2904 cera
471 2843 632 2918 pallidiora
646 2857 736 2901 nova.

53 2925 111 2987 Non
125 2927 202 2988 haec
216 2929 372 2989 inmodico
389 2929 526 2988 connexi
543 2927 654 2987 damna
667 2926 788 3000 Lyaeo:

23 3017 47 3070 tt
91 3010 168 3086 Scis,
189 3011 263 3071 mihi
280 3028 371 3086 qoam
386 3012 472 3074 solae
486 3027 586 3087 paene
599 3010 741 3069 bibantur
754 3023 864 3084 aquae.

51 3093 110 3154 lton
126 3096 223 3172 epulis
240 3111 362 3157 oneror.
391 3113 517 3172 quarum
533 3096 560 3156 si
574 3102 681 3170 tangar
696 3108 808 3169 amore,

83 3179 140 3240 Est
153 3187 251 3240 tamen
267 3180 299 3240 in
314 3180 425 3243 Geticis
442 3181 533 3256 copia
547 3180 630 3240 nulla
646 3178 732 3238 locis.

50 3262 105 3324 Neo
120 3265 202 3325 vires
218 3264 325 3326 adimit
337 3263 458 3326 veneris
474 3266 623 3325 damnosa
637 3263 796 3336 voluptas:

84 3347 154 3410 Non
167 3350 246 3411 solet
259 3351 290 3410 in
306 3357 441 3411 maestos
457 3350 508 3409 illa
522 3349 626 3408 venire
639 3355 735 3407 toros.
754 3357 755 3360 ’

21 3433 43 3488 b
52 3431 138 3493 Unda
154 3433 303 3509 locusque
317 3440 429 3496 nocent
443 3442 473 3494 et
487 3449 581 3494 causa
595 3433 744 3492 valentior
758 3427 834 3500 istis,

83 3519 234 3578 Anxietas
251 3518 351 3594 animi,
379 3533 458 3593 quae
473 3516 544 3577 mihi
559 3531 681 3591 semper
695 3515 792 3574 adest.
