<?xml version="1.0" encoding="UTF-8"?>
<!DOCTYPE html PUBLIC "-//W3C//DTD XHTML 1.0 Transitional//EN"
    "http://www.w3.org/TR/xhtml1/DTD/xhtml1-transitional.dtd">
<html xmlns="http://www.w3.org/1999/xhtml" xml:lang="en" lang="en">
 <head>
  <title>
</title>
<meta http-equiv="Content-Type" content="text/html;charset=utf-8" />
  <meta name='ocr-system' content='tesseract 3.04.00' />
  <meta name='ocr-capabilities' content='ocr_page ocr_carea ocr_par ocr_line ocrx_word'/>
</head>
<body>
  <div class='ocr_page' id='page_1' title='image "./povidiusnaso00goog_0256.png"; bbox 0 0 2372 3928; ppageno 0'>
   <div class='ocr_carea' id='block_1_1' title="bbox 331 277 987 384">
    <p class='ocr_par' dir='ltr' id='par_1_1' title="bbox 331 277 987 384">
     <span class='ocr_line' id='line_1_1' title="bbox 331 277 987 384; baseline 0.009 -45"><span class='ocrx_word' id='word_1_1' title='bbox 331 282 372 356; x_wconf 90' lang='lat' dir='ltr'><strong>n,</strong></span> <span class='ocrx_word' id='word_1_2' title='bbox 395 277 555 384; x_wconf 64' lang='lat' dir='ltr'><strong>sla-7111,</strong></span> <span class='ocrx_word' id='word_1_3' title='bbox 577 280 628 345; x_wconf 85' lang='lat'><strong>46.</strong></span> <span class='ocrx_word' id='word_1_4' title='bbox 672 355 680 364; x_wconf 53' lang='grc'><strong><em>,</em></strong></span> <span class='ocrx_word' id='word_1_5' title='bbox 925 279 987 345; x_wconf 81' lang='lat' dir='ltr'><strong>als</strong></span> 
     </span>
    </p>
   </div>
   <div class='ocr_carea' id='block_1_2' title="bbox 15 431 966 3607">
    <p class='ocr_par' dir='ltr' id='par_1_2' title="bbox 15 431 966 3607">
     <span class='ocr_line' id='line_1_2' title="bbox 68 431 966 510; baseline 0 -15"><span class='ocrx_word' id='word_1_6' title='bbox 68 436 139 495; x_wconf 79' lang='lat' dir='ltr'><strong>ltrne</strong></span> <span class='ocrx_word' id='word_1_7' title='bbox 156 449 280 510; x_wconf 90' lang='lat' dir='ltr'><strong>quoque</strong></span> <span class='ocrx_word' id='word_1_8' title='bbox 294 431 419 493; x_wconf 87' lang='lat' dir='ltr'><strong>inermis</strong></span> <span class='ocrx_word' id='word_1_9' title='bbox 434 447 518 506; x_wconf 87' lang='lat' dir='ltr'><strong>eras,</strong></span> <span class='ocrx_word' id='word_1_10' title='bbox 542 449 609 494; x_wconf 90' lang='lat' dir='ltr'><strong>cum</strong></span> <span class='ocrx_word' id='word_1_11' title='bbox 625 440 654 496; x_wconf 93' lang='lat' dir='ltr'><strong>te</strong></span> <span class='ocrx_word' id='word_1_12' title='bbox 668 436 806 496; x_wconf 88' lang='lat' dir='ltr'><strong>Romana</strong></span> <span class='ocrx_word' id='word_1_13' title='bbox 818 433 966 497; x_wconf 78' lang='lat' dir='ltr'><strong>sacerdos</strong></span> 
     </span>
     <span class='ocr_line' id='line_1_3' title="bbox 33 516 782 594; baseline -0.003 -16"><span class='ocrx_word' id='word_1_14' title='bbox 33 528 57 578; x_wconf 87' lang='lat' dir='ltr'><strong>to</strong></span> <span class='ocrx_word' id='word_1_15' title='bbox 101 517 198 594; x_wconf 82' lang='lat' dir='ltr'><strong>Cepit,</strong></span> <span class='ocrx_word' id='word_1_16' title='bbox 221 524 254 579; x_wconf 91' lang='lat' dir='ltr'><strong>ut</strong></span> <span class='ocrx_word' id='word_1_17' title='bbox 267 516 339 576; x_wconf 92' lang='lat' dir='ltr'><strong>huic</strong></span> <span class='ocrx_word' id='word_1_18' title='bbox 352 516 426 577; x_wconf 87' lang='lat' dir='ltr'><strong>Urbi</strong></span> <span class='ocrx_word' id='word_1_19' title='bbox 442 516 559 576; x_wconf 85' lang='lat' dir='ltr'><strong>semina</strong></span> <span class='ocrx_word' id='word_1_20' title='bbox 574 516 666 592; x_wconf 90' lang='lat' dir='ltr'><strong>digna</strong></span> <span class='ocrx_word' id='word_1_21' title='bbox 680 518 782 578; x_wconf 89' lang='lat' dir='ltr'><strong>dares.</strong></span> 
     </span>
     <span class='ocr_line' id='line_1_4' title="bbox 69 599 833 674; baseline 0.001 -14"><span class='ocrx_word' id='word_1_22' title='bbox 69 601 113 662; x_wconf 94' lang='lat' dir='ltr'><strong>llia</strong></span> <span class='ocrx_word' id='word_1_23' title='bbox 124 601 292 662; x_wconf 76' lang='lat' dir='ltr'><strong>Vestalis...</strong></span> <span class='ocrx_word' id='word_1_24' title='bbox 313 599 386 674; x_wconf 89' lang='lat' dir='ltr'><strong>quid</strong></span> <span class='ocrx_word' id='word_1_25' title='bbox 401 599 480 658; x_wconf 90' lang='lat' dir='ltr'><strong>enim</strong></span> <span class='ocrx_word' id='word_1_26' title='bbox 495 605 576 661; x_wconf 85' lang='lat' dir='ltr'><strong>vetat</strong></span> <span class='ocrx_word' id='word_1_27' title='bbox 590 599 661 661; x_wconf 91' lang='lat' dir='ltr'><strong>inde</strong></span> <span class='ocrx_word' id='word_1_28' title='bbox 676 601 833 662; x_wconf 76' lang='lat' dir='ltr'><strong>moverit..</strong></span> 
     </span>
     <span class='ocr_line' id='line_1_5' title="bbox 103 682 722 760; baseline -0.005 -14"><span class='ocrx_word' id='word_1_29' title='bbox 103 685 192 747; x_wconf 84' lang='lat' dir='ltr'><strong>Sacra</strong></span> <span class='ocrx_word' id='word_1_30' title='bbox 205 687 359 744; x_wconf 83' lang='lat' dir='ltr'><strong>lavaturus</strong></span> <span class='ocrx_word' id='word_1_31' title='bbox 374 697 463 742; x_wconf 84' lang='lat' dir='ltr'><strong>mana</strong></span> <span class='ocrx_word' id='word_1_32' title='bbox 478 682 600 758; x_wconf 88' lang='lat' dir='ltr'><strong>petebat</strong></span> <span class='ocrx_word' id='word_1_33' title='bbox 614 699 722 760; x_wconf 87' lang='lat' dir='ltr'><strong>aquas.</strong></span> 
     </span>
     <span class='ocr_line' id='line_1_6' title="bbox 69 765 842 844; baseline -0.003 -18"><span class='ocrx_word' id='word_1_34' title='bbox 69 770 188 830; x_wconf 78' lang='lat' dir='ltr'><strong>Ventum</strong></span> <span class='ocrx_word' id='word_1_35' title='bbox 202 775 267 828; x_wconf 86' lang='lat' dir='ltr'><strong>erat</strong></span> <span class='ocrx_word' id='word_1_36' title='bbox 281 766 320 826; x_wconf 91' lang='lat' dir='ltr'><strong>ad</strong></span> <span class='ocrx_word' id='word_1_37' title='bbox 336 767 418 826; x_wconf 91' lang='lat' dir='ltr'><strong>melli</strong></span> <span class='ocrx_word' id='word_1_38' title='bbox 433 766 583 826; x_wconf 88' lang='lat' dir='ltr'><strong>declivem</strong></span> <span class='ocrx_word' id='word_1_39' title='bbox 598 768 716 829; x_wconf 92' lang='lat' dir='ltr'><strong>tramite</strong></span> <span class='ocrx_word' id='word_1_40' title='bbox 730 765 842 844; x_wconf 81' lang='lat' dir='ltr'><strong>ripam:</strong></span> 
     </span>
     <span class='ocr_line' id='line_1_7' title="bbox 102 849 738 913; baseline 0.002 -3"><span class='ocrx_word' id='word_1_41' title='bbox 102 851 220 913; x_wconf 77' lang='lat' dir='ltr'><strong>Ponitur</strong></span> <span class='ocrx_word' id='word_1_42' title='bbox 234 866 252 910; x_wconf 91' lang='lat' dir='ltr'><strong>e</strong></span> <span class='ocrx_word' id='word_1_43' title='bbox 266 865 384 910; x_wconf 88' lang='lat' dir='ltr'><strong>summa</strong></span> <span class='ocrx_word' id='word_1_44' title='bbox 398 849 498 910; x_wconf 87' lang='lat' dir='ltr'><strong>fictilis</strong></span> <span class='ocrx_word' id='word_1_45' title='bbox 512 867 588 912; x_wconf 91' lang='lat' dir='ltr'><strong>urna</strong></span> <span class='ocrx_word' id='word_1_46' title='bbox 603 866 700 912; x_wconf 89' lang='lat' dir='ltr'><strong>coma.</strong></span> <span class='ocrx_word' id='word_1_47' title='bbox 732 852 738 864; x_wconf 86' lang='lat'><strong>‘</strong></span> 
     </span>
     <span class='ocr_line' id='line_1_8' title="bbox 34 933 832 1012; baseline 0 -18"><span class='ocrx_word' id='word_1_48' title='bbox 34 945 56 996; x_wconf 78' lang='lat' dir='ltr'><strong>lt</strong></span> <span class='ocrx_word' id='word_1_49' title='bbox 67 935 150 996; x_wconf 83' lang='lat' dir='ltr'><strong>Fessa</strong></span> <span class='ocrx_word' id='word_1_50' title='bbox 161 934 281 996; x_wconf 89' lang='lat' dir='ltr'><strong>resedit</strong></span> <span class='ocrx_word' id='word_1_51' title='bbox 295 933 392 1008; x_wconf 88' lang='lat' dir='ltr'><strong>humi,</strong></span> <span class='ocrx_word' id='word_1_52' title='bbox 408 941 581 1010; x_wconf 89' lang='lat' dir='ltr'><strong>ventosque</strong></span> <span class='ocrx_word' id='word_1_53' title='bbox 596 937 713 1012; x_wconf 87' lang='lat' dir='ltr'><strong>accepit</strong></span> <span class='ocrx_word' id='word_1_54' title='bbox 728 943 832 1010; x_wconf 90' lang='lat' dir='ltr'><strong>aperto</strong></span> 
     </span>
     <span class='ocr_line' id='line_1_9' title="bbox 99 1016 714 1094; baseline 0 -16"><span class='ocrx_word' id='word_1_55' title='bbox 99 1018 231 1093; x_wconf 87' lang='lat' dir='ltr'><strong>Pectore,</strong></span> <span class='ocrx_word' id='word_1_56' title='bbox 246 1016 380 1080; x_wconf 89' lang='lat' dir='ltr'><strong>turbatas</strong></span> <span class='ocrx_word' id='word_1_57' title='bbox 393 1018 586 1094; x_wconf 71' lang='lat' dir='ltr'><strong>restituitque</strong></span> <span class='ocrx_word' id='word_1_58' title='bbox 601 1035 714 1081; x_wconf 88' lang='lat' dir='ltr'><strong>cernas.</strong></span> 
     </span>
     <span class='ocr_line' id='line_1_10' title="bbox 68 1099 928 1179; baseline -0.003 -15"><span class='ocrx_word' id='word_1_59' title='bbox 68 1105 131 1164; x_wconf 81' lang='lat' dir='ltr'><strong>llum</strong></span> <span class='ocrx_word' id='word_1_60' title='bbox 145 1103 248 1179; x_wconf 87' lang='lat' dir='ltr'><strong>sedet,</strong></span> <span class='ocrx_word' id='word_1_61' title='bbox 271 1099 436 1163; x_wconf 89' lang='lat' dir='ltr'><strong>umbrosae</strong></span> <span class='ocrx_word' id='word_1_62' title='bbox 452 1103 563 1164; x_wconf 88' lang='lat' dir='ltr'><strong>salices</strong></span> <span class='ocrx_word' id='word_1_63' title='bbox 578 1104 781 1178; x_wconf 87' lang='lat' dir='ltr'><strong>volucresque</strong></span> <span class='ocrx_word' id='word_1_64' title='bbox 797 1117 928 1163; x_wconf 85' lang='lat' dir='ltr'><strong>canorae</strong></span> 
     </span>
     <span class='ocr_line' id='line_1_11' title="bbox 100 1186 781 1264; baseline -0.004 -16"><span class='ocrx_word' id='word_1_65' title='bbox 100 1186 243 1248; x_wconf 82' lang='lat' dir='ltr'><strong>lecerunt</strong></span> <span class='ocrx_word' id='word_1_66' title='bbox 257 1201 386 1247; x_wconf 90' lang='lat' dir='ltr'><strong>somnos</strong></span> <span class='ocrx_word' id='word_1_67' title='bbox 400 1192 431 1247; x_wconf 87' lang='lat' dir='ltr'><strong>et</strong></span> <span class='ocrx_word' id='word_1_68' title='bbox 443 1186 512 1246; x_wconf 86' lang='lat' dir='ltr'><strong>leue</strong></span> <span class='ocrx_word' id='word_1_69' title='bbox 526 1203 660 1248; x_wconf 91' lang='lat' dir='ltr'><strong>murmur</strong></span> <span class='ocrx_word' id='word_1_70' title='bbox 674 1203 781 1264; x_wconf 90' lang='lat' dir='ltr'><strong>aquae.</strong></span> 
     </span>
     <span class='ocr_line' id='line_1_12' title="bbox 69 1269 777 1347; baseline 0.003 -17"><span class='ocrx_word' id='word_1_71' title='bbox 69 1270 169 1332; x_wconf 88' lang='lat' dir='ltr'><strong>Blanda</strong></span> <span class='ocrx_word' id='word_1_72' title='bbox 184 1270 272 1347; x_wconf 92' lang='lat' dir='ltr'><strong>quies</strong></span> <span class='ocrx_word' id='word_1_73' title='bbox 288 1270 388 1331; x_wconf 89' lang='lat' dir='ltr'><strong>lurtim</strong></span> <span class='ocrx_word' id='word_1_74' title='bbox 408 1270 494 1330; x_wconf 89' lang='lat' dir='ltr'><strong>victis</strong></span> <span class='ocrx_word' id='word_1_75' title='bbox 512 1269 649 1346; x_wconf 85' lang='lat' dir='ltr'><strong>obrepsit</strong></span> <span class='ocrx_word' id='word_1_76' title='bbox 661 1271 777 1346; x_wconf 78' lang='lat' dir='ltr'><strong>ocellis,</strong></span> 
     </span>
     <span class='ocr_line' id='line_1_13' title="bbox 33 1352 756 1428; baseline 0 -15"><span class='ocrx_word' id='word_1_77' title='bbox 33 1362 58 1413; x_wconf 79' lang='lat' dir='ltr'><strong>to</strong></span> <span class='ocrx_word' id='word_1_78' title='bbox 98 1355 130 1415; x_wconf 83' lang='lat' dir='ltr'><strong>Et</strong></span> <span class='ocrx_word' id='word_1_79' title='bbox 143 1355 222 1415; x_wconf 90' lang='lat' dir='ltr'><strong>cadit</strong></span> <span class='ocrx_word' id='word_1_80' title='bbox 237 1370 255 1412; x_wconf 89' lang='lat' dir='ltr'><strong>a</strong></span> <span class='ocrx_word' id='word_1_81' title='bbox 270 1360 371 1414; x_wconf 90' lang='lat' dir='ltr'><strong>mento</strong></span> <span class='ocrx_word' id='word_1_82' title='bbox 386 1352 530 1428; x_wconf 91' lang='lat' dir='ltr'><strong>languida</strong></span> <span class='ocrx_word' id='word_1_83' title='bbox 545 1355 625 1414; x_wconf 89' lang='lat' dir='ltr'><strong>laeta</strong></span> <span class='ocrx_word' id='word_1_84' title='bbox 639 1371 756 1415; x_wconf 91' lang='lat' dir='ltr'><strong>manus.</strong></span> 
     </span>
     <span class='ocr_line' id='line_1_14' title="bbox 68 1436 961 1514; baseline 0.001 -17"><span class='ocrx_word' id='word_1_85' title='bbox 68 1439 136 1498; x_wconf 89' lang='lat' dir='ltr'><strong>ltlars</strong></span> <span class='ocrx_word' id='word_1_86' title='bbox 149 1438 232 1498; x_wconf 86' lang='lat' dir='ltr'><strong>videt</strong></span> <span class='ocrx_word' id='word_1_87' title='bbox 246 1439 341 1511; x_wconf 91' lang='lat' dir='ltr'><strong>hanc,</strong></span> <span class='ocrx_word' id='word_1_88' title='bbox 364 1436 525 1513; x_wconf 85' lang='lat' dir='ltr'><strong>visamque</strong></span> <span class='ocrx_word' id='word_1_89' title='bbox 542 1438 638 1513; x_wconf 91' lang='lat' dir='ltr'><strong>cupit,</strong></span> <span class='ocrx_word' id='word_1_90' title='bbox 663 1439 836 1513; x_wconf 91' lang='lat' dir='ltr'><strong>potiturque</strong></span> <span class='ocrx_word' id='word_1_91' title='bbox 851 1439 961 1514; x_wconf 89' lang='lat' dir='ltr'><strong>cupita,</strong></span> 
     </span>
     <span class='ocr_line' id='line_1_15' title="bbox 102 1521 618 1597; baseline -0.004 -16"><span class='ocrx_word' id='word_1_92' title='bbox 102 1523 134 1582; x_wconf 86' lang='lat' dir='ltr'><strong>lit</strong></span> <span class='ocrx_word' id='word_1_93' title='bbox 147 1538 202 1583; x_wconf 90' lang='lat' dir='ltr'><strong>sua</strong></span> <span class='ocrx_word' id='word_1_94' title='bbox 216 1521 319 1581; x_wconf 86' lang='lat' dir='ltr'><strong>divina</strong></span> <span class='ocrx_word' id='word_1_95' title='bbox 334 1521 415 1582; x_wconf 84' lang='lat' dir='ltr'><strong>turta</strong></span> <span class='ocrx_word' id='word_1_96' title='bbox 429 1521 534 1580; x_wconf 89' lang='lat' dir='ltr'><strong>lelellit</strong></span> <span class='ocrx_word' id='word_1_97' title='bbox 549 1537 618 1597; x_wconf 92' lang='lat' dir='ltr'><strong>ope.</strong></span> 
     </span>
     <span class='ocr_line' id='line_1_16' title="bbox 72 1603 876 1680; baseline 0.001 -16"><span class='ocrx_word' id='word_1_98' title='bbox 72 1605 185 1667; x_wconf 84' lang='lat' dir='ltr'><strong>Somnus</strong></span> <span class='ocrx_word' id='word_1_99' title='bbox 198 1605 275 1680; x_wconf 91' lang='lat' dir='ltr'><strong>abit,</strong></span> <span class='ocrx_word' id='word_1_100' title='bbox 291 1605 371 1665; x_wconf 88' lang='lat' dir='ltr'><strong>iacet</strong></span> <span class='ocrx_word' id='word_1_101' title='bbox 384 1605 436 1664; x_wconf 92' lang='lat' dir='ltr'><strong>illa</strong></span> <span class='ocrx_word' id='word_1_102' title='bbox 449 1606 561 1680; x_wconf 87' lang='lat' dir='ltr'><strong>gravis.</strong></span> <span class='ocrx_word' id='word_1_103' title='bbox 592 1606 652 1665; x_wconf 91' lang='lat' dir='ltr'><strong>iam</strong></span> <span class='ocrx_word' id='word_1_104' title='bbox 668 1604 784 1665; x_wconf 88' lang='lat' dir='ltr'><strong>scilicet</strong></span> <span class='ocrx_word' id='word_1_105' title='bbox 799 1603 876 1665; x_wconf 89' lang='lat' dir='ltr'><strong>intra</strong></span> 
     </span>
     <span class='ocr_line' id='line_1_17' title="bbox 101 1688 738 1750; baseline 0 -3"><span class='ocrx_word' id='word_1_106' title='bbox 101 1690 219 1750; x_wconf 90' lang='lat' dir='ltr'><strong>Viscera</strong></span> <span class='ocrx_word' id='word_1_107' title='bbox 233 1689 391 1749; x_wconf 89' lang='lat' dir='ltr'><strong>Romanae</strong></span> <span class='ocrx_word' id='word_1_108' title='bbox 406 1688 547 1749; x_wconf 88' lang='lat' dir='ltr'><strong>eonditor</strong></span> <span class='ocrx_word' id='word_1_109' title='bbox 560 1689 650 1750; x_wconf 89' lang='lat' dir='ltr'><strong>Urbis</strong></span> <span class='ocrx_word' id='word_1_110' title='bbox 666 1695 738 1748; x_wconf 89' lang='lat' dir='ltr'><strong>erat.</strong></span> 
     </span>
     <span class='ocr_line' id='line_1_18' title="bbox 35 1771 910 1848; baseline 0.001 -19"><span class='ocrx_word' id='word_1_111' title='bbox 35 1779 58 1830; x_wconf 75' lang='lat' dir='ltr'><strong>aa</strong></span> <span class='ocrx_word' id='word_1_112' title='bbox 70 1771 208 1847; x_wconf 85' lang='lat' dir='ltr'><strong>languida</strong></span> <span class='ocrx_word' id='word_1_113' title='bbox 222 1772 394 1847; x_wconf 82' lang='lat' dir='ltr'><strong>consurgit,</strong></span> <span class='ocrx_word' id='word_1_114' title='bbox 418 1787 474 1832; x_wconf 91' lang='lat' dir='ltr'><strong>nec</strong></span> <span class='ocrx_word' id='word_1_115' title='bbox 490 1773 548 1833; x_wconf 91' lang='lat' dir='ltr'><strong>scit</strong></span> <span class='ocrx_word' id='word_1_116' title='bbox 562 1788 618 1834; x_wconf 89' lang='lat' dir='ltr'><strong>cur</strong></span> <span class='ocrx_word' id='word_1_117' title='bbox 631 1771 775 1848; x_wconf 89' lang='lat' dir='ltr'><strong>languida</strong></span> <span class='ocrx_word' id='word_1_118' title='bbox 797 1780 910 1846; x_wconf 81' lang='lat' dir='ltr'><strong>surgat,</strong></span> 
     </span>
     <span class='ocr_line' id='line_1_19' title="bbox 100 1855 679 1932; baseline -0.005 -17"><span class='ocrx_word' id='word_1_119' title='bbox 100 1855 132 1916; x_wconf 79' lang='lat' dir='ltr'><strong>Et</strong></span> <span class='ocrx_word' id='word_1_120' title='bbox 145 1855 258 1932; x_wconf 88' lang='lat' dir='ltr'><strong>peragit</strong></span> <span class='ocrx_word' id='word_1_121' title='bbox 272 1857 342 1917; x_wconf 92' lang='lat' dir='ltr'><strong>talis</strong></span> <span class='ocrx_word' id='word_1_122' title='bbox 358 1855 466 1916; x_wconf 87' lang='lat' dir='ltr'><strong>arbore</strong></span> <span class='ocrx_word' id='word_1_123' title='bbox 481 1856 553 1917; x_wconf 87' lang='lat' dir='ltr'><strong>nixa</strong></span> <span class='ocrx_word' id='word_1_124' title='bbox 567 1872 679 1917; x_wconf 82' lang='lat' dir='ltr'><strong>sonos:</strong></span> 
     </span>
     <span class='ocr_line' id='line_1_20' title="bbox 71 1939 925 2016; baseline 0 -18"><span class='ocrx_word' id='word_1_125' title='bbox 71 1939 145 2000; x_wconf 71' lang='lat' dir='ltr'><strong>‘Utile</strong></span> <span class='ocrx_word' id='word_1_126' title='bbox 162 1941 200 2000; x_wconf 92' lang='lat' dir='ltr'><strong>sit</strong></span> <span class='ocrx_word' id='word_1_127' title='bbox 215 1940 418 2014; x_wconf 83' lang='lat' dir='ltr'><strong>faustumque,</strong></span> <span class='ocrx_word' id='word_1_128' title='bbox 439 1955 558 2015; x_wconf 87' lang='lat' dir='ltr'><strong>precor,</strong></span> <span class='ocrx_word' id='word_1_129' title='bbox 583 1940 667 2016; x_wconf 90' lang='lat' dir='ltr'><strong>quod</strong></span> <span class='ocrx_word' id='word_1_130' title='bbox 681 1939 812 2014; x_wconf 80' lang='lat' dir='ltr'><strong>imagine</strong></span> <span class='ocrx_word' id='word_1_131' title='bbox 827 1939 925 2000; x_wconf 91' lang='lat' dir='ltr'><strong>somni</strong></span> 
     </span>
     <span class='ocr_line' id='line_1_21' title="bbox 103 2023 754 2086; baseline -0.002 -3"><span class='ocrx_word' id='word_1_132' title='bbox 103 2023 244 2086; x_wconf 91' lang='lat' dir='ltr'><strong>Vidimus.</strong></span> <span class='ocrx_word' id='word_1_133' title='bbox 274 2041 313 2085; x_wconf 90' lang='lat' dir='ltr'><strong>an</strong></span> <span class='ocrx_word' id='word_1_134' title='bbox 329 2039 438 2084; x_wconf 92' lang='lat' dir='ltr'><strong>somno</strong></span> <span class='ocrx_word' id='word_1_135' title='bbox 454 2025 565 2084; x_wconf 87' lang='lat' dir='ltr'><strong>elarius</strong></span> <span class='ocrx_word' id='word_1_136' title='bbox 580 2023 654 2084; x_wconf 89' lang='lat' dir='ltr'><strong>illud</strong></span> <span class='ocrx_word' id='word_1_137' title='bbox 670 2029 754 2082; x_wconf 80' lang='lat' dir='ltr'><strong>eratt</strong></span> 
     </span>
     <span class='ocr_line' id='line_1_22' title="bbox 72 2101 776 2183; baseline 0.004 -19"><span class='ocrx_word' id='word_1_138' title='bbox 72 2101 176 2181; x_wconf 84' lang='lat' dir='ltr'><strong>ignibus</strong></span> <span class='ocrx_word' id='word_1_139' title='bbox 191 2107 291 2170; x_wconf 87' lang='lat' dir='ltr'><strong>iliacis</strong></span> <span class='ocrx_word' id='word_1_140' title='bbox 307 2109 446 2180; x_wconf 89' lang='lat' dir='ltr'><strong>aderam,</strong></span> <span class='ocrx_word' id='word_1_141' title='bbox 470 2124 538 2168; x_wconf 92' lang='lat' dir='ltr'><strong>cum</strong></span> <span class='ocrx_word' id='word_1_142' title='bbox 554 2107 642 2183; x_wconf 86' lang='lat' dir='ltr'><strong>lapsa</strong></span> <span class='ocrx_word' id='word_1_143' title='bbox 657 2106 776 2183; x_wconf 86' lang='lat' dir='ltr'><strong>capillis</strong></span> 
     </span>
     <span class='ocr_line' id='line_1_23' title="bbox 39 2191 722 2254; baseline 0.004 -8"><span class='ocrx_word' id='word_1_144' title='bbox 39 2195 63 2247; x_wconf 83' lang='lat' dir='ltr'><strong>tt</strong></span> <span class='ocrx_word' id='word_1_145' title='bbox 105 2191 213 2254; x_wconf 84' lang='lat' dir='ltr'><strong>Decidit</strong></span> <span class='ocrx_word' id='word_1_146' title='bbox 226 2201 296 2254; x_wconf 90' lang='lat' dir='ltr'><strong>ante</strong></span> <span class='ocrx_word' id='word_1_147' title='bbox 311 2206 419 2252; x_wconf 90' lang='lat' dir='ltr'><strong>saeros</strong></span> <span class='ocrx_word' id='word_1_148' title='bbox 434 2193 523 2251; x_wconf 89' lang='lat' dir='ltr'><strong>lanea</strong></span> <span class='ocrx_word' id='word_1_149' title='bbox 536 2191 610 2251; x_wconf 86' lang='lat' dir='ltr'><strong>vitta</strong></span> <span class='ocrx_word' id='word_1_150' title='bbox 624 2193 722 2253; x_wconf 88' lang='lat' dir='ltr'><strong>locos.</strong></span> 
     </span>
     <span class='ocr_line' id='line_1_24' title="bbox 73 2273 762 2354; baseline 0.007 -25"><span class='ocrx_word' id='word_1_151' title='bbox 73 2273 132 2332; x_wconf 90' lang='lat' dir='ltr'><strong>lnde</strong></span> <span class='ocrx_word' id='word_1_152' title='bbox 145 2274 221 2336; x_wconf 86' lang='lat' dir='ltr'><strong>duae</strong></span> <span class='ocrx_word' id='word_1_153' title='bbox 236 2277 362 2354; x_wconf 89' lang='lat' dir='ltr'><strong>pariter,</strong></span> <span class='ocrx_word' id='word_1_154' title='bbox 386 2274 454 2335; x_wconf 89' lang='lat' dir='ltr'><strong>visu</strong></span> <span class='ocrx_word' id='word_1_155' title='bbox 467 2273 619 2349; x_wconf 88' lang='lat' dir='ltr'><strong>mirabile,</strong></span> <span class='ocrx_word' id='word_1_156' title='bbox 642 2277 762 2351; x_wconf 90' lang='lat' dir='ltr'><strong>palmae</strong></span> 
     </span>
     <span class='ocr_line' id='line_1_25' title="bbox 105 2357 689 2434; baseline -0.003 -16"><span class='ocrx_word' id='word_1_157' title='bbox 105 2357 234 2434; x_wconf 87' lang='lat' dir='ltr'><strong>Surgunt.</strong></span> <span class='ocrx_word' id='word_1_158' title='bbox 264 2377 303 2420; x_wconf 86' lang='lat' dir='ltr'><strong>ex</strong></span> <span class='ocrx_word' id='word_1_159' title='bbox 316 2360 377 2421; x_wconf 92' lang='lat' dir='ltr'><strong>illis</strong></span> <span class='ocrx_word' id='word_1_160' title='bbox 392 2359 487 2420; x_wconf 85' lang='lat' dir='ltr'><strong>altera</strong></span> <span class='ocrx_word' id='word_1_161' title='bbox 503 2359 600 2419; x_wconf 90' lang='lat' dir='ltr'><strong>maior</strong></span> <span class='ocrx_word' id='word_1_162' title='bbox 615 2363 689 2419; x_wconf 89' lang='lat' dir='ltr'><strong>erat.</strong></span> 
     </span>
     <span class='ocr_line' id='line_1_26' title="bbox 73 2441 782 2519; baseline 0.003 -21"><span class='ocrx_word' id='word_1_163' title='bbox 73 2441 101 2500; x_wconf 84' lang='lat' dir='ltr'><strong>lt</strong></span> <span class='ocrx_word' id='word_1_164' title='bbox 112 2443 247 2516; x_wconf 82' lang='lat' dir='ltr'><strong>gravibus</strong></span> <span class='ocrx_word' id='word_1_165' title='bbox 262 2444 354 2505; x_wconf 88' lang='lat' dir='ltr'><strong>ramis</strong></span> <span class='ocrx_word' id='word_1_166' title='bbox 369 2449 463 2503; x_wconf 89' lang='lat' dir='ltr'><strong>totum</strong></span> <span class='ocrx_word' id='word_1_167' title='bbox 479 2448 655 2519; x_wconf 77' lang='lat' dir='ltr'><strong>protexerat</strong></span> <span class='ocrx_word' id='word_1_168' title='bbox 670 2441 782 2512; x_wconf 89' lang='lat' dir='ltr'><strong>orbem,</strong></span> 
     </span>
     <span class='ocr_line' id='line_1_27' title="bbox 106 2525 901 2604; baseline -0.004 -18"><span class='ocrx_word' id='word_1_169' title='bbox 106 2525 327 2604; x_wconf 73' lang='lat' dir='ltr'><strong>contigeratque</strong></span> <span class='ocrx_word' id='word_1_170' title='bbox 341 2543 398 2587; x_wconf 92' lang='lat' dir='ltr'><strong>sua</strong></span> <span class='ocrx_word' id='word_1_171' title='bbox 412 2525 515 2587; x_wconf 88' lang='lat' dir='ltr'><strong>sidera</strong></span> <span class='ocrx_word' id='word_1_172' title='bbox 531 2542 648 2587; x_wconf 91' lang='lat' dir='ltr'><strong>summa</strong></span> <span class='ocrx_word' id='word_1_173' title='bbox 663 2539 760 2586; x_wconf 85' lang='lat' dir='ltr'><strong>coma.</strong></span> <span class='ocrx_word' id='word_1_174' title='bbox 900 2595 901 2598; x_wconf 8' lang='grc' dir='ltr'><strong>Ἴ</strong></span> 
     </span>
     <span class='ocr_line' id='line_1_28' title="bbox 41 2607 786 2686; baseline 0.001 -23"><span class='ocrx_word' id='word_1_175' title='bbox 41 2611 64 2664; x_wconf 77' lang='lat' dir='ltr'><strong>tt</strong></span> <span class='ocrx_word' id='word_1_176' title='bbox 75 2607 139 2669; x_wconf 82' lang='lat' dir='ltr'><strong>Eece</strong></span> <span class='ocrx_word' id='word_1_177' title='bbox 157 2627 241 2674; x_wconf 86' lang='lat' dir='ltr'><strong>ursus</strong></span> <span class='ocrx_word' id='word_1_178' title='bbox 256 2613 369 2672; x_wconf 88' lang='lat' dir='ltr'><strong>lerrum</strong></span> <span class='ocrx_word' id='word_1_179' title='bbox 386 2617 512 2686; x_wconf 88' lang='lat' dir='ltr'><strong>patruus</strong></span> <span class='ocrx_word' id='word_1_180' title='bbox 528 2611 649 2670; x_wconf 91' lang='lat' dir='ltr'><strong>molitur</strong></span> <span class='ocrx_word' id='word_1_181' title='bbox 664 2609 693 2669; x_wconf 91' lang='lat' dir='ltr'><strong>in</strong></span> <span class='ocrx_word' id='word_1_182' title='bbox 708 2608 786 2668; x_wconf 91' lang='lat' dir='ltr'><strong>illas.</strong></span> 
     </span>
     <span class='ocr_line' id='line_1_29' title="bbox 104 2692 780 2770; baseline -0.003 -18"><span class='ocrx_word' id='word_1_183' title='bbox 104 2696 222 2754; x_wconf 75' lang='lat' dir='ltr'><strong>terreor</strong></span> <span class='ocrx_word' id='word_1_184' title='bbox 242 2695 412 2768; x_wconf 89' lang='lat' dir='ltr'><strong>admonitu,</strong></span> <span class='ocrx_word' id='word_1_185' title='bbox 429 2709 546 2770; x_wconf 90' lang='lat' dir='ltr'><strong>corque</strong></span> <span class='ocrx_word' id='word_1_186' title='bbox 560 2694 667 2755; x_wconf 90' lang='lat' dir='ltr'><strong>timore</strong></span> <span class='ocrx_word' id='word_1_187' title='bbox 681 2692 780 2752; x_wconf 88' lang='lat' dir='ltr'><strong>micat.</strong></span> 
     </span>
     <span class='ocr_line' id='line_1_30' title="bbox 73 2775 858 2854; baseline 0.004 -23"><span class='ocrx_word' id='word_1_188' title='bbox 73 2775 176 2849; x_wconf 88' lang='lat' dir='ltr'><strong>llartia,</strong></span> <span class='ocrx_word' id='word_1_189' title='bbox 192 2778 295 2853; x_wconf 91' lang='lat' dir='ltr'><strong>picus,</strong></span> <span class='ocrx_word' id='word_1_190' title='bbox 318 2779 384 2838; x_wconf 91' lang='lat' dir='ltr'><strong>avis</strong></span> <span class='ocrx_word' id='word_1_191' title='bbox 398 2777 518 2852; x_wconf 90' lang='lat' dir='ltr'><strong>gemine</strong></span> <span class='ocrx_word' id='word_1_192' title='bbox 534 2795 590 2854; x_wconf 92' lang='lat' dir='ltr'><strong>pro</strong></span> <span class='ocrx_word' id='word_1_193' title='bbox 606 2778 707 2853; x_wconf 88' lang='lat' dir='ltr'><strong>stipite</strong></span> <span class='ocrx_word' id='word_1_194' title='bbox 723 2781 858 2850; x_wconf 85' lang='lat' dir='ltr'><strong>pugnant</strong></span> 
     </span>
     <span class='ocr_line' id='line_1_31' title="bbox 105 2859 810 2938; baseline -0.001 -19"><span class='ocrx_word' id='word_1_195' title='bbox 105 2861 137 2920; x_wconf 80' lang='lat' dir='ltr'><strong>lit</strong></span> <span class='ocrx_word' id='word_1_196' title='bbox 148 2863 226 2938; x_wconf 88' lang='lat' dir='ltr'><strong>lupa.</strong></span> <span class='ocrx_word' id='word_1_197' title='bbox 254 2868 319 2923; x_wconf 88' lang='lat' dir='ltr'><strong>tuta</strong></span> <span class='ocrx_word' id='word_1_198' title='bbox 335 2861 459 2937; x_wconf 87' lang='lat' dir='ltr'><strong>perires</strong></span> <span class='ocrx_word' id='word_1_199' title='bbox 474 2868 604 2936; x_wconf 89' lang='lat' dir='ltr'><strong>utraque</strong></span> <span class='ocrx_word' id='word_1_200' title='bbox 618 2863 719 2936; x_wconf 88' lang='lat' dir='ltr'><strong>palma</strong></span> <span class='ocrx_word' id='word_1_201' title='bbox 734 2859 810 2919; x_wconf 86' lang='lat' dir='ltr'><strong>iuit’</strong></span> 
     </span>
     <span class='ocr_line' id='line_1_32' title="bbox 74 2941 819 3022; baseline 0.008 -24"><span class='ocrx_word' id='word_1_202' title='bbox 74 2941 191 3020; x_wconf 84' lang='lat' dir='ltr'><strong>Dixerat,</strong></span> <span class='ocrx_word' id='word_1_203' title='bbox 214 2954 243 3006; x_wconf 93' lang='lat' dir='ltr'><strong>et</strong></span> <span class='ocrx_word' id='word_1_204' title='bbox 258 2949 379 3022; x_wconf 90' lang='lat' dir='ltr'><strong>plenam</strong></span> <span class='ocrx_word' id='word_1_205' title='bbox 393 2961 454 3005; x_wconf 91' lang='lat' dir='ltr'><strong>non</strong></span> <span class='ocrx_word' id='word_1_206' title='bbox 470 2945 564 3006; x_wconf 84' lang='lat' dir='ltr'><strong>firmis</strong></span> <span class='ocrx_word' id='word_1_207' title='bbox 579 2945 696 3005; x_wconf 91' lang='lat' dir='ltr'><strong>viribus</strong></span> <span class='ocrx_word' id='word_1_208' title='bbox 711 2959 819 3004; x_wconf 89' lang='lat' dir='ltr'><strong>urnam</strong></span> 
     </span>
     <span class='ocr_line' id='line_1_33' title="bbox 39 3026 759 3104; baseline -0.003 -18"><span class='ocrx_word' id='word_1_209' title='bbox 39 3031 61 3080; x_wconf 78' lang='lat' dir='ltr'><strong>lt</strong></span> <span class='ocrx_word' id='word_1_210' title='bbox 104 3026 228 3090; x_wconf 86' lang='lat' dir='ltr'><strong>Sustulit.</strong></span> <span class='ocrx_word' id='word_1_211' title='bbox 257 3030 404 3104; x_wconf 88' lang='lat' dir='ltr'><strong>implerat,</strong></span> <span class='ocrx_word' id='word_1_212' title='bbox 420 3028 491 3089; x_wconf 92' lang='lat' dir='ltr'><strong>dum</strong></span> <span class='ocrx_word' id='word_1_213' title='bbox 507 3045 564 3089; x_wconf 92' lang='lat' dir='ltr'><strong>sua</strong></span> <span class='ocrx_word' id='word_1_214' title='bbox 580 3029 646 3088; x_wconf 91' lang='lat' dir='ltr'><strong>visa</strong></span> <span class='ocrx_word' id='word_1_215' title='bbox 659 3027 759 3088; x_wconf 89' lang='lat' dir='ltr'><strong>relert.</strong></span> 
     </span>
     <span class='ocr_line' id='line_1_34' title="bbox 15 3108 795 3228; baseline 0.006 -63"><span class='ocrx_word' id='word_1_216' title='bbox 15 3133 17 3228; x_wconf 40' lang='lat' dir='ltr'>h</span> <span class='ocrx_word' id='word_1_217' title='bbox 73 3108 173 3172; x_wconf 87' lang='lat' dir='ltr'><strong>interea</strong></span> <span class='ocrx_word' id='word_1_218' title='bbox 186 3119 343 3182; x_wconf 84' lang='lat' dir='ltr'><strong>crescente</strong></span> <span class='ocrx_word' id='word_1_219' title='bbox 357 3113 469 3185; x_wconf 89' lang='lat' dir='ltr'><strong>Remo,</strong></span> <span class='ocrx_word' id='word_1_220' title='bbox 490 3120 647 3172; x_wconf 87' lang='lat' dir='ltr'><strong>crescente</strong></span> <span class='ocrx_word' id='word_1_221' title='bbox 662 3111 795 3186; x_wconf 80' lang='lat' dir='ltr'><strong>Quirino,</strong></span> 
     </span>
     <span class='ocr_line' id='line_1_35' title="bbox 15 3195 732 3308; baseline -0.003 -54"><span class='ocrx_word' id='word_1_222' title='bbox 15 3235 17 3308; x_wconf 61' lang='grc'><strong>,</strong></span> <span class='ocrx_word' id='word_1_223' title='bbox 104 3195 223 3258; x_wconf 85' lang='lat' dir='ltr'><strong>Caelesti</strong></span> <span class='ocrx_word' id='word_1_224' title='bbox 238 3197 373 3258; x_wconf 87' lang='lat' dir='ltr'><strong>tumidus</strong></span> <span class='ocrx_word' id='word_1_225' title='bbox 388 3196 526 3270; x_wconf 88' lang='lat' dir='ltr'><strong>pondere</strong></span> <span class='ocrx_word' id='word_1_226' title='bbox 539 3202 645 3255; x_wconf 88' lang='lat' dir='ltr'><strong>venter</strong></span> <span class='ocrx_word' id='word_1_227' title='bbox 659 3202 732 3256; x_wconf 90' lang='lat' dir='ltr'><strong>erat.</strong></span> 
     </span>
     <span class='ocr_line' id='line_1_36' title="bbox 15 3277 775 3352; baseline -0.005 -10"><span class='ocrx_word' id='word_1_228' title='bbox 15 3313 17 3342; x_wconf 88' lang='lat' dir='ltr'><strong>t</strong></span> <span class='ocrx_word' id='word_1_229' title='bbox 71 3277 125 3349; x_wconf 75' lang='lat' dir='ltr'><strong>Quo</strong></span> <span class='ocrx_word' id='word_1_230' title='bbox 139 3281 235 3342; x_wconf 93' lang='lat' dir='ltr'><strong>minus</strong></span> <span class='ocrx_word' id='word_1_231' title='bbox 251 3280 384 3342; x_wconf 89' lang='lat' dir='ltr'><strong>emeritis</strong></span> <span class='ocrx_word' id='word_1_232' title='bbox 400 3279 496 3339; x_wconf 84' lang='lat' dir='ltr'><strong>exiret</strong></span> <span class='ocrx_word' id='word_1_233' title='bbox 512 3278 653 3340; x_wconf 87' lang='lat' dir='ltr'><strong>cursibus</strong></span> <span class='ocrx_word' id='word_1_234' title='bbox 669 3293 775 3352; x_wconf 79' lang='lat' dir='ltr'><strong>annue,</strong></span> 
     </span>
     <span class='ocr_line' id='line_1_37' title="bbox 99 3362 712 3437; baseline -0.007 -13"><span class='ocrx_word' id='word_1_235' title='bbox 99 3363 261 3424; x_wconf 84' lang='lat' dir='ltr'><strong>Restabant</strong></span> <span class='ocrx_word' id='word_1_236' title='bbox 274 3364 370 3425; x_wconf 90' lang='lat' dir='ltr'><strong>nitido</strong></span> <span class='ocrx_word' id='word_1_237' title='bbox 386 3364 445 3422; x_wconf 92' lang='lat' dir='ltr'><strong>iam</strong></span> <span class='ocrx_word' id='word_1_238' title='bbox 459 3364 522 3424; x_wconf 83' lang='lat' dir='ltr'><strong>duo</strong></span> <span class='ocrx_word' id='word_1_239' title='bbox 538 3363 628 3437; x_wconf 89' lang='lat' dir='ltr'><strong>signa</strong></span> <span class='ocrx_word' id='word_1_240' title='bbox 642 3362 712 3422; x_wconf 91' lang='lat' dir='ltr'><strong>deo.</strong></span> 
     </span>
     <span class='ocr_line' id='line_1_38' title="bbox 39 3443 791 3508; baseline 0.007 -9"><span class='ocrx_word' id='word_1_241' title='bbox 39 3447 61 3502; x_wconf 78' lang='lat' dir='ltr'><strong>lt</strong></span> <span class='ocrx_word' id='word_1_242' title='bbox 72 3443 154 3507; x_wconf 82' lang='lat' dir='ltr'><strong>Silvia</strong></span> <span class='ocrx_word' id='word_1_243' title='bbox 167 3448 199 3508; x_wconf 88' lang='lat' dir='ltr'><strong>tit</strong></span> <span class='ocrx_word' id='word_1_244' title='bbox 213 3457 324 3508; x_wconf 85' lang='lat' dir='ltr'><strong>mater:</strong></span> <span class='ocrx_word' id='word_1_245' title='bbox 347 3447 463 3508; x_wconf 85' lang='lat' dir='ltr'><strong>Vestae</strong></span> <span class='ocrx_word' id='word_1_246' title='bbox 478 3447 641 3508; x_wconf 88' lang='lat' dir='ltr'><strong>simulacra</strong></span> <span class='ocrx_word' id='word_1_247' title='bbox 655 3446 791 3506; x_wconf 83' lang='lat' dir='ltr'><strong>teruntur</strong></span> 
     </span>
     <span class='ocr_line' id='line_1_39' title="bbox 102 3531 710 3607; baseline -0.005 -17"><span class='ocrx_word' id='word_1_248' title='bbox 102 3531 257 3607; x_wconf 82' lang='lat' dir='ltr'><strong>Virgineus</strong></span> <span class='ocrx_word' id='word_1_249' title='bbox 275 3531 374 3591; x_wconf 90' lang='lat' dir='ltr'><strong>oculis</strong></span> <span class='ocrx_word' id='word_1_250' title='bbox 389 3531 577 3607; x_wconf 89' lang='lat' dir='ltr'><strong>opposuisse</strong></span> <span class='ocrx_word' id='word_1_251' title='bbox 591 3545 710 3589; x_wconf 89' lang='lat' dir='ltr'><strong>manus.</strong></span> 
     </span>
    </p>
   </div>
   <div class='ocr_carea' id='block_1_3' title="bbox 0 0 1190 3928">
    <p class='ocr_par' dir='ltr' id='par_1_3' title="bbox 0 0 1190 3928">
     <span class='ocr_line' id='line_1_40' title="bbox 0 0 1190 3928; baseline 0 0"><span class='ocrx_word' id='word_1_252' title='bbox 0 0 1190 3928; x_wconf 95' lang='lat' dir='ltr'><strong> </strong></span> 
     </span>
    </p>
   </div>
  </div>
 </body>
</html>
