2372 3928
174 219 233 283 188
556 213 618 274 EX
637 209 791 274 ΡΟΝΤΟ

204 382 238 434 20
295 370 467 432 Gauderern
482 365 586 427 lateris
600 379 662 423 non
677 360 825 423 habuisse
839 362 950 423 locum.

253 454 316 517 Nec
332 453 493 530 querulus,
509 448 597 509 turbe
613 445 754 520 quamvis
770 445 917 521 eliderer,
934 462 1051 508 esscmz

296 537 359 598 Sed
374 537 452 596 loret
466 550 485 594 a
498 533 615 610 populo
630 537 702 590 tunc
719 528 791 588 mibi
808 530 899 590 dulce
914 531 1021 606 premi.

254 620 465 697 prospicerem
478 616 632 694 gaudeus,
648 620 782 688 quantus
796 614 876 673 foret
890 612 1021 688 agminis
1036 614 1115 688 ordo,

295 705 461 779 Densaque
477 715 569 776 quam
582 701 706 773 longum
720 696 810 758 turba
823 703 942 758 teneret
955 697 1021 758 iter.

204 794 238 846 25
253 789 382 864 Quoque
397 785 494 861 magis
510 782 609 856 noris,
626 797 718 857 quam
731 797 780 840 me
796 781 934 857 vulgaria
948 787 1078 856 tangant,

295 871 488 948 spectarem,
510 867 610 945 qualis
626 881 763 941 purpura
777 872 807 925 te
821 871 947 940 tegeret.

254 956 349 1032 signa
363 968 487 1031 qnoque
502 951 534 1011 in
548 951 626 1012 sella
638 963 765 1010 nossem
780 949 911 1010 formata
925 947 1034 1022 curuli,

291 1039 331 1100 Et
344 1044 438 1100 totum
452 1034 602 1097 Numidae
616 1033 758 1107 sculptile
773 1032 873 1093 dentis
889 1047 980 1108 opus.

252 1123 294 1183 At
306 1137 375 1182 cum
389 1120 536 1196 Tarpeias
550 1133 639 1178 esses
653 1115 805 1178 deductus
819 1115 852 1176 in
866 1131 966 1189 arces,

203 1217 239 1270 30
290 1206 368 1266 Dum
383 1203 507 1264 caderet
520 1201 607 1261 iussu
627 1198 750 1260 victima
763 1215 854 1260 sacro
867 1207 930 1275 tuo,

253 1289 303 1348 Me
318 1301 443 1362 quoque
457 1291 577 1346 secreto
593 1291 695 1359 gretes
711 1282 771 1344 sibi
786 1299 917 1360 magnus
931 1289 1072 1358 agentem

295 1370 444 1438 Audisset
461 1368 563 1431 media
576 1366 630 1443 qui
644 1367 733 1428 sedet
747 1368 825 1428 aede
840 1368 928 1428 deus.

253 1456 394 1530 Turaque
407 1459 508 1513 mente
522 1452 621 1527 magis
636 1452 742 1527 plena,
760 1467 852 1528 quarn
866 1452 971 1526 lance,
988 1451 1132 1513 dedissem

295 1538 353 1598 Ter
368 1544 489 1614 quater,
505 1534 624 1612 imperii
639 1537 739 1596 laetus
753 1535 872 1596 honore
887 1535 939 1596 tui.

204 1627 238 1682 35
255 1623 306 1684 Sic
321 1637 379 1697 ego
395 1627 575 1697 praesentes
590 1620 669 1680 inter
682 1634 858 1680 numerarer
871 1620 1000 1696 annicos,

294 1705 378 1766 Mitia
392 1705 439 1764 ius
453 1703 545 1764 Urbis
560 1703 587 1763 si
602 1703 695 1762 modo
716 1704 778 1764 iata
794 1704 919 1764 darent=

255 1791 401 1866 Quaeque
415 1787 489 1848 mibi
503 1788 572 1850 sola
587 1786 704 1862 capitur
719 1801 800 1847 nunc
815 1794 915 1849 mente
931 1788 1083 1863 voluptas,
1101 1821 1102 1826 κ

294 1874 377 1934 Tunc
393 1872 491 1932 oculis
506 1871 597 1931 etiarn
613 1868 812 1946 percipienda
827 1871 914 1931 ioret.

253 1958 320 2019 Non
335 1957 377 2017 ito
391 1954 549 2016 caelitibus
565 1954 665 2015 visum
680 1960 741 2027 est,
757 1960 787 2014 et
802 1955 930 2016 forsitan
946 1954 1067 2033 aequis.

203 2051 240 2107 40
295 2041 371 2100 Nam
387 2039 462 2115 quid
477 2054 525 2099 me
540 2053 662 2114 poenae
678 2052 774 2100 causa
789 2045 900 2114 negata
910 2039 1015 2102 iuvet?

252 2123 355 2185 Mente
369 2131 483 2194 tamen,
500 2137 580 2196 quae
595 2121 664 2182 sole
677 2122 748 2182 loco
763 2138 825 2183 non
840 2123 958 2198 uolat,
974 2131 1053 2199 utar,

293 2206 483 2268 Pnaetextanr
497 2206 599 2266 fasces
615 2206 825 2281 aspiciamque
841 2213 921 2268 uros.

252 2291 337 2352 Haec
351 2291 444 2353 modo
459 2295 489 2350 te
504 2289 619 2364 populo
633 2289 812 2350 reddenlem
826 2289 893 2351 iura
908 2289 1034 2364 videbit,

293 2376 331 2436 Et
345 2391 381 2436 se
395 2373 524 2436 secretis
538 2374 633 2448 linget
646 2373 760 2434 adesse
773 2373 867 2436 locis:

203 2463 237 2518 45
250 2459 338 2520 Nunc
351 2458 434 2536 longi
448 2459 566 2519 reditus
581 2457 688 2520 hastae
702 2472 880 2533 supponere
895 2456 984 2518 lustri

293 2544 414 2617 cernet,
431 2550 461 2604 et
475 2548 586 2602 exacta
600 2547 709 2603 cuncta
724 2542 827 2602 locare
842 2541 920 2602 lide:

252 2628 338 2689 Nunc
353 2629 455 2688 lacere
469 2626 500 2686 in
514 2625 616 2685 medio
631 2625 796 2686 lacundurn
810 2624 905 2686 verba
919 2632 1040 2698 senatu,

289 2711 413 2771 Publica
433 2714 629 2784 quaerentem
644 2708 717 2783 quid
733 2715 815 2784 potat
829 2708 958 2769 utilitas:
1040 2777 1052 2785 ,

252 2794 338 2856 Nunc
353 2809 409 2870 pro
425 2791 609 2852 Caesaribus
623 2791 746 2867 superis
761 2793 929 2853 decernere
943 2802 1057 2868 grates,

202 2893 238 2946 eo
292 2878 412 2939 Albave
427 2875 599 2953 opimorum
613 2875 694 2937 colla
709 2875 799 2936 lerire
813 2875 916 2938 bourn.

252 2963 356 3038 Atque
370 2961 499 3035 utinam,
514 2976 583 3021 oum
597 2960 659 3021 iarn
674 2957 768 3020 lucris
783 2958 905 3035 potiora
920 2967 1078 3036 precatus,

292 3046 333 3108 Ut
346 3046 418 3106 mihi
434 3047 571 3121 placetur
586 3043 717 3106 numinis
732 3043 792 3116 ira,
806 3050 913 3118 rogas!

254 3128 366 3207 Surgat
380 3130 421 3190 ad
435 3130 514 3192 hanc
530 3144 638 3189 vocem
653 3129 744 3204 plena
759 3127 830 3204 pius
844 3125 924 3202 ignis
940 3127 981 3188 ab
995 3145 1064 3204 ara,

294 3213 415 3290 Datque
429 3213 543 3276 bonurn
556 3219 630 3274 voto
647 3211 767 3274 lucidus
783 3227 873 3274 onnon
888 3227 979 3287 apex.

202 3307 236 3362 ee
250 3299 384 3371 Interea,
400 3315 461 3374 qua
476 3305 561 3376 parte
575 3297 660 3372 licet3
676 3311 716 3356 ne
731 3304 841 3358 cuncta
855 3310 1032 3371 queramur,

287 3382 345 3444 llic
360 3399 485 3458 quoque
499 3389 529 3444 te
545 3383 654 3443 festum
670 3379 798 3441 consule
812 3385 932 3454 tempus
948 3394 1051 3454 agorn.

249 3467 353 3528 Altera
368 3467 513 3540 loetitiae,
533 3482 590 3527 nec
607 3465 721 3526 cedens
736 3479 831 3526 causa
846 3461 949 3540 priori,
