2450 3932
436 238 463 316 1,
485 237 521 314 3,
545 239 679 306 16-91.

149 396 280 468 Horam,
296 391 479 470 propositae
495 410 575 468 quae
588 396 668 455 lorct
681 403 752 472 apta
767 396 844 458 vine.

54 485 90 538 ts
103 483 167 541 Ter
178 479 271 538 limen
286 477 390 552 tetigi,
404 482 451 536 ter
462 493 530 538 sum
544 486 724 552 revocatus,
742 487 771 540 et
786 481 853 556 ipse

149 563 319 637 Indulgens
335 560 437 622 animo
449 577 506 636 pes
521 562 594 621 mihi
608 564 714 624 tardus
730 571 804 624 erat.

105 646 211 722 Saepe
226 645 297 705 vale
313 644 395 705 dicto
410 660 518 705 rursus
530 663 601 706 sum
616 649 709 708 multa
722 649 852 725 locutus,
895 705 899 713 .

148 731 188 790 Et
202 728 291 806 quasi
307 728 474 790 discedens
493 731 600 790 oscula
615 747 735 792 summa
750 733 832 800 dedi.

107 815 212 890 Saepe
227 812 336 874 eadem
350 811 495 872 mandata
508 813 596 890 dedi,
612 830 723 890 meque
737 815 807 890 ipse
823 818 925 894 fefelli,

51 908 91 962 60
148 897 334 973 Respiciens
349 897 447 957 oculis
463 898 593 972 pignora
607 914 679 959 cara
692 899 778 960 meis.
959 907 1065 984 [quam

106 981 250 1057 Denique
264 981 356 1056 ‘Quid
370 988 529 1056 properet
551 980 678 1058 Scythia
693 989 749 1057 est,
766 1003 826 1060 quo
839 987 1002 1065 mittimur’,
1018 990 1060 1049 in·

147 1067 260 1128 ‘Roma
272 1065 477 1141 relinquenda
492 1072 548 1125 est.
582 1073 713 1142 utraque
727 1069 806 1130 iusta
820 1087 905 1132 mora
920 1079 975 1133 est.

104 1151 194 1212 Uxor
207 1151 238 1209 in
254 1156 412 1209 ueternum
425 1149 497 1209 vivo
512 1150 585 1210 mihi
599 1151 672 1210 viva
686 1161 821 1228 negatur,

145 1234 187 1294 Et
200 1234 310 1294 domus
326 1240 357 1293 ct
368 1233 451 1294 lidae
466 1233 567 1294 dulcia
581 1235 717 1296 membra
731 1237 850 1313 domus,

50 1325 89 1380 65
105 1317 256 1394 Quosque
270 1333 328 1393 ego
344 1319 478 1380 fraterno
494 1318 588 1378 dilexi
603 1334 688 1380 more
703 1321 838 1398 sodales,

148 1401 174 1462 0
189 1402 263 1461 mihi
276 1402 396 1462 Thesea
411 1410 542 1476 pectora·
551 1402 654 1464 iuncta
667 1403 745 1464 ilde!

104 1488 187 1549 Dum
199 1487 284 1560 licet,
300 1486 477 1562 amplectar.
511 1503 678 1563 numquam
693 1489 825 1550 fortasse
839 1491 941 1552 licebit

145 1571 298 1646 Amplius.
335 1569 366 1629 in
380 1570 466 1632 lucro
482 1577 530 1631 est
545 1588 624 1646 quae
638 1572 727 1633 datur
740 1572 817 1634 hora
827 1574 922 1634 mihi!

102 1655 168 1716 Nec
182 1670 282 1728 mora,
299 1656 451 1715 sermonis
466 1655 561 1716 verba
575 1655 743 1731 inperfecta
756 1659 906 1734 relinquo,

49 1747 86 1804 ⁷⁰
145 1738 361 1815 Complectens
377 1739 478 1801 animo
493 1740 635 1817 proxima
649 1756 792 1816 quaeque
807 1758 886 1801 meo.

102 1822 184 1883 Dum
196 1824 309 1898 loquor
324 1830 354 1883 et
367 1822 493 1899 flemus,
510 1825 596 1884 caclo
608 1824 810 1885 nitidissimus
825 1826 895 1898 alte,

144 1906 240 1968 Stella
254 1907 359 1982 gravis
375 1907 481 1982 nobis,
496 1907 619 1967 Lucifer
633 1914 721 1968 ortus·
731 1916 804 1971 erat.

98 1991 230 2052 Dividor
243 1992 328 2053 haud
342 1991 443 2069 aliter,
460 2007 550 2067 quam
567 1993 593 2052 si
607 2008 676 2052 mea
690 1992 825 2054 membra
838 1991 1019 2071 relinquam,

138 2076 183 2135 Et
196 2093 268 2151 pars
285 2075 426 2152 abrumpi
442 2091 573 2152 corpore
587 2076 657 2136 visu
670 2092 728 2137 suo
744 2084 800 2138 est.
908 2111 914 2144 ,-

46 2167 80 2222 75
96 2159 150 2221 Sic
169 2159 266 2220 doluit
279 2159 381 2221 Metus
395 2168 482 2232 tunc,
499 2175 568 2220 cnm
582 2161 612 2220 in
628 2163 780 2222 contraria
794 2176 903 2223 versos

138 2245 266 2306 Ultores
282 2243 390 2304 habuit
405 2244 589 2320 proditionis
605 2260 714 2320 equos.

93 2328 174 2388 Tum
190 2344 263 2390 vero
280 2328 418 2390 exoritur
432 2328 548 2388 clamor
561 2329 756 2404 gemitusque
770 2345 915 2404 meorum,

137 2411 181 2470 Et
196 2412 307 2473 leniunt
320 2419 457 2472 maestae
471 2420 599 2488 pectora
613 2413 696 2473 nuda
710 2429 828 2473 manns.

93 2497 174 2556 Tum
191 2512 262 2557 vero
278 2497 428 2570 coniunx,
444 2497 578 2557 humeris
593 2495 734 2556 abeuntis
749 2496 922 2569 inhaerens,

43 2587 77 2641 80
133 2580 263 2641 Miscuit
276 2579 356 2640 haec
371 2578 503 2640 lacrimis
517 2580 615 2641 tristia
629 2579 711 2640 dicta
725 2579 805 2640 suis=

92 2663 177 2724 ‘Non
197 2671 284 2740 potes
300 2664 400 2725 avelli.
437 2664 542 2738 simul,
558 2672 590 2724 at
606 2665 695 2724 simul
710 2663 833 2725 ibimus’
848 2661 960 2738 inquit=

1 2817 2 2826 ἵ
133 2749 196 2809 ‘Te
209 2764 324 2824 sequar
339 2757 369 2808 et
383 2747 515 2808 coniunx
528 2749 626 2809 exulis
642 2748 713 2808 exul
729 2764 793 2808 ero.

87 2832 128 2893 Et
143 2827 223 2890 mihi
237 2833 319 2892 lacta
332 2832 385 2891 via
399 2839 454 2892 est.
489 2839 581 2892 elme
596 2833 678 2907 capit
692 2833 796 2894 ultIma
811 2832 914 2892 tellus:

128 2915 295 2976 Accedam
310 2917 461 2991 profugae
476 2915 598 2975 sarcina
611 2932 709 2991 parva
719 2916 786 2976 rati.

40 3005 69 3059 85
84 2998 129 3058 Te
146 2997 236 3059 iubet
251 3015 270 3058 a
286 3000 387 3075 patria
402 3000 564 3060 discedere
579 2999 720 3060 Caesaris
734 2999 789 3073 ira,

127 3083 186 3142 Me
202 3083 311 3158 pietas.
349 3083 448 3158 pietas
464 3084 541 3144 haec
555 3083 628 3142 mihi
644 3083 757 3145 Cacsar
771 3083 835 3144 erit.

82 3167 175 3226 Talia
190 3166 375 3242 temptabat,
391 3168 471 3228 sicut
484 3173 685 3243 temptaverat
700 3175 778 3241 ante,

125 3250 260 3327 Vixque
276 3251 362 3312 dedit
376 3251 473 3312 victas
488 3251 614 3312 utilitate
628 3268 746 3312 munus.

77 3333 290 3408 Egredior‚...
307 3335 374 3395 sive
389 3335 465 3396 illud
479 3341 544 3396 erat
558 3335 626 3394 sine
641 3336 747 3396 lunere
761 3335 844 3410 terri,

38 3423 66 3475 lo
127 3418 307 3494 Squalidus
322 3419 459 3479 inmissis
475 3419 554 3479 hirta
569 3434 625 3493 per
642 3435 697 3479 ora
712 3418 818 3478 comis.
901 3494 904 3499 Ι
1012 3469 1025 3492 ,

79 3502 140 3562 llla
155 3502 272 3563 dolore
288 3517 395 3562 amens
411 3502 544 3563 tenebris
560 3510 701 3564 narratur
715 3501 832 3563 ebonis
