2372 3928
185 255 245 319 194
580 254 638 314 EX
662 253 811 314 PONTO

184 410 251 504 12.
307 440 552 504 ruricnuo.

266 544 340 650 Quo
355 578 455 638 minus
469 577 499 636 in
515 577 628 650 nostris
644 575 780 652 ponaris,
803 578 912 654 amice,
932 579 1049 657 libellls,

306 662 442 722 Nominis
458 661 588 720 efficitur
602 659 784 720 condicione
798 661 851 722 tui.

262 749 321 806 Ast
335 763 394 820 ego
409 762 470 806 non
486 745 578 804 alium
593 744 681 820 prius
695 742 755 803 hoc
770 745 915 819 dignarer
930 748 1062 809 honoror

304 829 362 890 Est
373 828 484 904 aliquis
499 837 636 888 nostrum
652 827 788 889 simodo
804 843 928 890 carmen
944 830 1052 892 honor.

234 914 327 978 §Lex
344 913 433 988 pedis
449 913 553 974 officio
568 914 752 985 fortunaque
768 914 900 974 nominis
916 915 1034 976 obstat:

305 997 431 1073 Quaque
446 1013 532 1057 meos
547 997 652 1072 adeas,
674 1004 722 1055 est
737 996 891 1069 nonulla,
914 1001 1036 1060 modos.

263 1084 338 1143 Nam
354 1084 447 1158 pudet
461 1081 491 1141 in
507 1080 645 1157 geminos
661 1080 702 1139 ita
716 1095 828 1141 nornen
844 1081 965 1142 findere
980 1101 1097 1160 versus,

303 1167 430 1226 Desinat
442 1174 475 1226 ut
490 1166 574 1242 prior
587 1165 656 1238 hoc,
679 1164 866 1241 incipiatque
880 1166 991 1226 minor.

264 1250 302 1310 Et
314 1250 437 1326 pudeat,
460 1249 487 1309 si
503 1257 541 1324 te,
564 1263 625 1323 qua
639 1247 760 1324 syllaba
774 1256 862 1323 parte
876 1246 1024 1326 moratur,

225 1345 258 1398 ltl
307 1333 412 1393 Artius
426 1334 577 1409 appellem
591 1331 830 1407 Tuticanumque
846 1348 965 1394 vocem.

263 1415 326 1477 Neo
341 1424 430 1492 potes
446 1417 475 1476 in
493 1432 615 1477 versum
628 1416 769 1476 Tuticani
779 1431 865 1476 more
880 1419 996 1495 venire,

304 1499 371 1562 Fiat
385 1510 417 1561 ut
430 1517 448 1561 e
462 1501 554 1578 longa
568 1500 689 1580 syllaba
704 1500 801 1575 prima
814 1501 936 1564 breviar

263 1588 326 1646 Aut
339 1586 533 1661 producatur,
557 1582 635 1660 quire
651 1601 731 1645 nunc
746 1586 918 1660 correptius
937 1589 1008 1663 exit,

305 1670 344 1729 Et
357 1670 397 1730 sit
409 1676 552 1745 porrecta
565 1671 657 1744 longa
672 1669 808 1729 secunda
823 1685 918 1730 mora.

223 1764 257 1818 15
267 1755 322 1816 llis
337 1769 395 1830 ego
411 1753 438 1813 si
452 1754 531 1814 vitiis
548 1753 646 1813 ausim
662 1767 857 1828 corrumpere
868 1769 994 1831 nomen,

307 1838 420 1898 Ridcar
433 1845 464 1898 et
477 1840 583 1897 merito
600 1844 707 1912 pectus
723 1835 837 1896 habere
852 1853 956 1913 neger.

264 1921 348 1982 Haec
363 1921 434 1981 milri
449 1937 545 1982 causa
561 1922 616 1982 luit
630 1921 714 1981 dilati
728 1921 863 1981 muneris
877 1921 979 1997 huius,

308 2005 398 2079 Quod
413 2021 499 2067 meus
515 2007 635 2066 adiecto
651 2006 758 2064 fenore
772 2006 882 2066 reddet
896 2023 991 2067 amor.

264 2090 367 2164 Teque
382 2105 489 2148 canam
504 2105 696 2164 quecumque
711 2095 803 2150 nola·
826 2089 877 2150 tibi
894 2093 1032 2153 earmina
1048 2096 1155 2168 mittam,
1182 2155 1183 2178 χ

221 2184 258 2238 20
306 2172 406 2232 Paene
418 2172 491 2232 mibi
506 2189 603 2248 puero
619 2175 740 2249 cognite
753 2189 853 2250 paene
868 2191 953 2251 puer,
1182 2185 1183 2196 ¹

263 2256 382 2331 Perque
396 2263 440 2317 tot
453 2273 601 2318 annorum
615 2258 735 2330 seriem,
759 2266 835 2334 quot
847 2258 996 2321 babemus
1012 2271 1143 2338 uterque,

303 2340 369 2400 Non
385 2340 467 2413 milri,
490 2358 582 2418 quam
596 2342 679 2403 fratri
695 2343 794 2414 frater,
817 2350 915 2404 amate
930 2346 1045 2406 minus.

262 2426 306 2485 Tu
320 2426 420 2487 bonus
434 2425 585 2503 hortator,
607 2435 639 2487 tu
654 2427 778 2502 duxque
793 2442 960 2502 comesque
976 2431 1072 2504 fuisti,

305 2509 382 2582 Cum,
393 2527 531 2586 regerem
546 2519 650 2572 tenera
665 2512 752 2570 frena
766 2511 887 2572 novella
903 2528 1005 2574 manu.
1181 2579 1182 2584 χ

220 2605 255 2658 25
267 2593 368 2670 Saepe
382 2611 440 2670 ego
456 2597 576 2664 correxi
591 2594 648 2656 sub
664 2602 693 2656 te
708 2610 837 2656 censore
850 2596 988 2658 libellos:
1181 2591 1182 2598 ’

302 2677 403 2753 Saepe
417 2679 470 2739 tibi
486 2681 642 2740 admonitu
657 2680 737 2740 facta
750 2681 840 2740 litura
853 2696 921 2742 meo
940 2689 996 2756 est,

261 2761 391 2836 Dignam
404 2762 553 2840 Maeoniis
568 2763 741 2824 Phaeacida
756 2765 890 2825 condere
904 2765 1021 2827 chartis

303 2844 377 2906 Cum
391 2852 421 2906 te
434 2846 570 2908 Pierides
587 2849 775 2924 perdocuere
790 2855 869 2909 tuae.

261 2929 318 2990 Hic
335 2937 429 3006 tenor,
452 2930 529 2992 haec
545 2933 635 2993 viridi
650 2933 815 2994 concordia
830 2940 941 3010 coepta
955 2934 1086 2996 iuventa

220 3023 256 3078 ³⁰
305 3015 397 3075 Venit
410 3017 451 3076 ad
464 3017 601 3078 albentes
616 3017 798 3078 inlabefacta
815 3031 929 3078 comas.

263 3097 347 3172 Quae
361 3099 419 3160 nisi
435 3109 463 3161 te
477 3110 633 3176 moveant,
657 3103 733 3164 duro
751 3101 803 3163 tibi
818 3110 944 3177 pectora
958 3103 1043 3163 ferro

301 3182 389 3258 Esse,
411 3187 458 3245 vel
474 3186 588 3247 invicto
605 3188 710 3248 clausa
725 3187 885 3246 adamante
899 3194 1014 3262 putem.

262 3265 324 3330 Sed
341 3269 425 3343 prius
440 3270 510 3330 huic
526 3272 627 3331 desint
641 3278 671 3330 et
683 3271 795 3332 bellum
811 3279 841 3330 et
855 3271 968 3346 frigora
986 3279 1103 3351 terrac,

301 3351 423 3415 Invisus
438 3354 527 3416 nobis
543 3371 623 3431 quae
639 3356 700 3416 duo
716 3355 831 3415 Pontus
846 3354 951 3415 habet:

216 3448 252 3501 35
262 3437 298 3497 ut
311 3438 434 3513 tepidus
450 3438 561 3500 boreas
577 3446 608 3500 et
622 3441 663 3501 sit
677 3439 879 3516 praefrigidus
895 3447 1007 3514 auster,

297 3521 336 3579 Et
349 3523 450 3597 possit
464 3524 557 3585 fatum
573 3524 694 3584 mollius
709 3537 780 3583 esse
794 3539 904 3597 meum,
