2372 3928
231 249 290 314 tob
621 245 680 305 EX
699 243 847 306 Ponto

265 413 298 465 ιο
356 399 525 476 Quamlibet
539 399 665 460 invitum
680 395 900 473 difficilemque
913 401 1024 456 tenent.

312 487 385 562 Nos,
409 485 520 561 quibus
535 483 688 558 ingenium
702 480 786 557 longi
801 483 938 541 minuere
951 477 1075 544 labores.

353 572 415 630 Aut
428 568 518 628 etiarn
532 568 647 628 nullum
661 565 788 625 forsitan
802 572 873 626 ante
887 564 951 638 fuit,

313 654 439 714 Viribus
453 651 573 723 infirmi,
594 657 700 710 'restro
716 648 852 710 candore
865 649 1020 709 valemus:

357 738 451 812 Quem
467 736 540 796 mihi
555 736 581 796 si
596 735 713 808 demas,
736 733 839 794 omnia
851 739 941 808 rapta
958 739 1064 808 protem.

266 832 299 886 15
315 823 490 898 Cunctaque
505 836 573 880 cum
587 834 656 878 mea
671 819 732 878 sint
745 832 903 893 propenso
919 817 992 877 nixa
1008 818 1110 891 fanore,

355 907 555 982 Praecipuum
569 904 678 964 veniae
691 902 739 962 ius
753 900 847 962 habet
860 902 911 962 ille
926 902 1013 962 liber.

316 990 491 1066 Spectatum
505 995 592 1050 vates
607 986 657 1046 alii
672 985 826 1062 scripsere
840 987 1034 1063 triumphum.

355 1074 409 1134 Est
423 1073 537 1149 aliquid
554 1071 679 1132 memori
694 1069 762 1130 visa
776 1076 882 1130 notare
895 1086 998 1131 manu.

315 1159 377 1218 Nos
393 1174 431 1219 ea
443 1159 495 1218 mx
510 1157 631 1218 avidam
648 1155 741 1231 vulgo
755 1161 876 1231 captata
890 1171 946 1230 per
960 1171 1061 1216 aurem

264 1249 300 1304 20
356 1241 553 1316 Scripsimus‚
577 1247 672 1316 atque
684 1239 765 1300 oculi
779 1240 861 1300 fama
875 1240 961 1300 fuere
975 1240 1044 1299 mei.

315 1325 438 1386 Scilicet
452 1323 582 1385 affectus
596 1325 722 1398 similes,
743 1331 796 1384 aut
809 1324 942 1400 impetus
957 1323 1039 1384 idem

355 1409 459 1470 Rebus
479 1409 517 1469 ab
533 1407 644 1469 auditis
660 1407 900 1485 conspicuisque
913 1409 1018 1469 venite

314 1495 377 1554 Nec
392 1496 472 1554 nitor
486 1495 611 1569 argenti,
635 1509 727 1568 quem
742 1507 800 1553 vos
818 1493 948 1566 vidistis,
972 1499 1002 1552 et
1016 1492 1078 1552 auri

357 1578 446 1652 Quod
461 1577 533 1637 mihi
548 1577 686 1649 defuerit,
709 1593 906 1654 purpuraque
920 1577 981 1651 illa
1005 1591 1109 1653 queror

264 1671 298 1724 25
314 1661 377 1724 Sed
392 1663 468 1737 loca,
492 1663 548 1722 sed
563 1668 669 1737 gentes
684 1663 832 1722 formatae
846 1661 928 1722 mille
943 1661 1049 1736 flgurb

357 1748 529 1808 Nutrissent
544 1761 666 1807 carmon
681 1746 861 1822 proeliaque
874 1746 948 1822 ipsa
956 1761 1064 1822 113111,

314 1831 352 1891 Et
366 1847 470 1906 regum
485 1833 595 1905 vultus,
618 1829 788 1891 certissima
802 1831 932 1906 pignora
946 1831 1065 1906 mentis,
1091 1841 1093 1844 ’

356 1915 509 1976 lavissent
528 1915 630 1989 aliqua
643 1913 772 1976 forsitan
785 1914 862 1974 illud
878 1929 967 1990 opus.

315 1999 475 2060 plausibus
490 2015 529 2058 ex
543 1998 620 2074 ipsis
634 1999 740 2075 populi
754 1999 898 2074 laetoque
912 1999 1018 2060 favore

271 2083 302 2136 30
359 2083 515 2158 ingenium
531 2082 664 2158 quodvis
678 2083 843 2144 incaluisse
858 2090 971 2159 potest.

315 2167 450 2240 fanaque
464 2180 522 2242 ego
538 2167 742 2241 sumpsissem
757 2167 808 2227 tati
823 2167 957 2230 elamore
973 2169 1114 2244 vigorem,

358 2249 452 2323 Quom
468 2249 554 2310 rudis
570 2250 673 2312 audita
687 2251 774 2312 miles
790 2252 830 2312 ad
844 2267 930 2312 artua
943 2253 1025 2314 tuba.

314 2333 443 2394 Pectora
461 2333 523 2394 sint
537 2333 626 2396 nobis
641 2334 939 2412 nivibusglacieque
954 2335 1056 2396 licebit

356 2419 458 2493 Atque
473 2419 542 2494 hoc,
567 2436 658 2496 quem
674 2420 781 2496 patior,
804 2420 962 2497 frigidiora
975 2421 1060 2482 loco:
1117 2464 1123 2474 .

265 2507 299 2562 35
315 2503 369 2563 llla
385 2504 473 2564 ducis
489 2505 584 2565 facies
599 2505 630 2565 in
645 2521 734 2564 31111
749 2501 857 2566 stantis
872 2499 989 2566 eburno

355 2588 519 2648 Excuteret
533 2589 629 2664 frigus
644 2589 787 2650 sensibus
803 2604 894 2648 omne
909 2589 995 2648 meis.

314 2674 370 2731 His
385 2686 443 2745 ego
461 2671 608 2745 defectus
632 2672 797 2748 dubiisque
811 2671 986 2733 auctoribus
1002 2687 1088 2744 1313,

335 2771 337 2778 ’
356 2755 406 2813 Α(1
420 2754 515 2813 vestri
530 2756 620 2815 venio
635 2755 700 2814 iure
715 2757 830 2816 favoris
846 2772 946 2832 opem.

314 2840 376 2898 Nec
391 2837 464 2897 mibi
479 2844 551 2918 nota
565 2839 684 2912 ducum,
707 2855 764 2899 nec
779 2847 849 2900 sunt
861 2841 934 2900 milti
949 2848 1023 2902 nota
1037 2841 1160 2900 locorum

266 2926 301 2980 40
355 2921 492 2982 Nomina.
525 2923 681 2984 materiam
695 2939 756 2984 non
775 2923 910 2984 habuere
924 2941 1046 2986 luanus.

313 3005 387 3065 Pars
407 3013 500 3080 quota
514 3007 554 3067 de
568 3009 658 3068 tantis
673 3007 775 3080 rebus,
800 3023 891 3082 quam
907 3011 987 3070 forna
1002 3009 1124 3082 referre,

355 3092 416 3150 Aut
430 3091 540 3167 aliquis
556 3091 645 3153 nobis
660 3091 796 3152 scribere
810 3100 934 3167 posset,
955 3100 1042 3154 erate

315 3175 379 3249 Quo
395 3175 503 3250 magis,
525 3177 662 3251 bicolor,
686 3175 782 3237 debes
800 3175 979 3252 ignoscere·
997 3178 1024 3237 si
1040 3177 1116 3252 quid

353 3258 492 3321 Erratum
507 3265 554 3320 est
569 3259 629 3320 illic
643 3261 880 3336 praeteritumve
894 3261 977 3320 milti.

263 3353 298 3408 45
313 3342 405 3404 Adde
416 3344 504 3418 quod
517 3343 661 3406 assiduas
676 3343 792 3406 domini
807 3347 950 3406 meditata
967 3344 1122 3420 querellas

353 3427 404 3486 Ad
418 3426 528 3490 laetum
544 3443 666 3489 carmen
681 3429 734 3490 vix
748 3445 817 3490 mea
832 3445 927 3490 versa·
936 3431 1005 3505 lyra
1019 3442 1079 3489 est.

313 3513 375 3573 Vix
389 3509 470 3572 bona
484 3519 557 3596 post
571 3518 653 3574 tanto
668 3513 826 3588 quaerenti
842 3515 936 3575 verba
952 3511 1115 3574 subibant:
