<?xml version="1.0" encoding="UTF-8"?>
<!DOCTYPE html PUBLIC "-//W3C//DTD XHTML 1.0 Transitional//EN"
    "http://www.w3.org/TR/xhtml1/DTD/xhtml1-transitional.dtd">
<html xmlns="http://www.w3.org/1999/xhtml" xml:lang="en" lang="en">
 <head>
  <title>
</title>
<meta http-equiv="Content-Type" content="text/html;charset=utf-8" />
  <meta name='ocr-system' content='tesseract 3.04.00' />
  <meta name='ocr-capabilities' content='ocr_page ocr_carea ocr_par ocr_line ocrx_word'/>
</head>
<body>
  <div class='ocr_page' id='page_1' title='image "./povidiusnaso00goog_0224.png"; bbox 0 0 2372 3928; ppageno 0'>
   <div class='ocr_carea' id='block_1_1' title="bbox 366 216 993 288">
    <p class='ocr_par' dir='ltr' id='par_1_1' title="bbox 366 216 993 288">
     <span class='ocr_line' id='line_1_1' title="bbox 366 216 993 288; baseline 0.006 -8"><span class='ocrx_word' id='word_1_1' title='bbox 366 225 392 288; x_wconf 86' lang='lat' dir='ltr'>l,</span> <span class='ocrx_word' id='word_1_2' title='bbox 419 217 598 284; x_wconf 78' lang='lat' dir='ltr'>loa-474.</span> <span class='ocrx_word' id='word_1_3' title='bbox 930 216 993 286; x_wconf 75' lang='grc'>118</span> 
     </span>
    </p>
   </div>
   <div class='ocr_carea' id='block_1_2' title="bbox 29 372 975 1881">
    <p class='ocr_par' dir='ltr' id='par_1_2' title="bbox 29 372 975 1881">
     <span class='ocr_line' id='line_1_2' title="bbox 73 372 679 450; baseline -0.008 -11"><span class='ocrx_word' id='word_1_4' title='bbox 73 379 191 440; x_wconf 73' lang='lat' dir='ltr'>intactae</span> <span class='ocrx_word' id='word_1_5' title='bbox 207 376 333 436; x_wconf 86' lang='lat' dir='ltr'>lucratis</span> <span class='ocrx_word' id='word_1_6' title='bbox 348 389 440 450; x_wconf 87' lang='lat' dir='ltr'>aves,</span> <span class='ocrx_word' id='word_1_7' title='bbox 456 374 576 435; x_wconf 87' lang='lat' dir='ltr'>solacia</span> <span class='ocrx_word' id='word_1_8' title='bbox 591 372 679 448; x_wconf 84' lang='lat' dir='ltr'>ruris,</span> 
     </span>
     <span class='ocr_line' id='line_1_3' title="bbox 104 457 732 534; baseline -0.006 -13"><span class='ocrx_word' id='word_1_9' title='bbox 104 460 270 521; x_wconf 76' lang='lat' dir='ltr'>Adsuetum</span> <span class='ocrx_word' id='word_1_10' title='bbox 284 457 371 520; x_wconf 86' lang='lat' dir='ltr'>silvis</span> <span class='ocrx_word' id='word_1_11' title='bbox 386 458 611 533; x_wconf 89' lang='lat' dir='ltr'>innocuumque</span> <span class='ocrx_word' id='word_1_12' title='bbox 623 471 732 534; x_wconf 77' lang='lat' dir='ltr'>genus,</span> 
     </span>
     <span class='ocr_line' id='line_1_4' title="bbox 74 540 818 619; baseline -0.007 -13"><span class='ocrx_word' id='word_1_13' title='bbox 74 545 143 618; x_wconf 81' lang='lat' dir='ltr'>Quae</span> <span class='ocrx_word' id='word_1_14' title='bbox 161 543 261 604; x_wconf 82' lang='lat' dir='ltr'>tacitis</span> <span class='ocrx_word' id='word_1_15' title='bbox 276 543 381 617; x_wconf 87' lang='lat' dir='ltr'><strong>nidos,</strong></span> <span class='ocrx_word' id='word_1_16' title='bbox 399 557 479 617; x_wconf 90' lang='lat' dir='ltr'>quae</span> <span class='ocrx_word' id='word_1_17' title='bbox 493 541 605 619; x_wconf 87' lang='lat' dir='ltr'><strong>plumis</strong></span> <span class='ocrx_word' id='word_1_18' title='bbox 621 557 682 604; x_wconf 88' lang='lat' dir='ltr'>ova</span> <span class='ocrx_word' id='word_1_19' title='bbox 697 540 818 618; x_wconf 81' lang='lat' dir='ltr'>fovetis,</span> 
     </span>
     <span class='ocr_line' id='line_1_5' title="bbox 105 626 701 690; baseline -0.002 -2"><span class='ocrx_word' id='word_1_20' title='bbox 105 628 138 690; x_wconf 82' lang='lat' dir='ltr'>at</span> <span class='ocrx_word' id='word_1_21' title='bbox 150 627 233 688; x_wconf 81' lang='lat' dir='ltr'>facili</span> <span class='ocrx_word' id='word_1_22' title='bbox 248 626 356 688; x_wconf 79' lang='lat' dir='ltr'>dulces</span> <span class='ocrx_word' id='word_1_23' title='bbox 371 626 462 688; x_wconf 91' lang='lat' dir='ltr'>editis</span> <span class='ocrx_word' id='word_1_24' title='bbox 478 641 532 686; x_wconf 90' lang='lat' dir='ltr'>oro</span> <span class='ocrx_word' id='word_1_25' title='bbox 546 626 668 688; x_wconf 88' lang='lat' dir='ltr'>modos.</span> <span class='ocrx_word' id='word_1_26' title='bbox 697 658 701 662; x_wconf 93' lang='lat'><em>-</em></span> 
     </span>
     <span class='ocr_line' id='line_1_6' title="bbox 30 708 888 788; baseline 0.006 -23"><span class='ocrx_word' id='word_1_27' title='bbox 30 715 63 770; x_wconf 79' lang='lat' dir='ltr'>tlt</span> <span class='ocrx_word' id='word_1_28' title='bbox 74 711 124 773; x_wconf 84' lang='lat' dir='ltr'>Sed</span> <span class='ocrx_word' id='word_1_29' title='bbox 136 711 178 772; x_wconf 93' lang='lat' dir='ltr'>nil</span> <span class='ocrx_word' id='word_1_30' title='bbox 192 711 252 772; x_wconf 87' lang='lat' dir='ltr'>ista</span> <span class='ocrx_word' id='word_1_31' title='bbox 272 711 391 786; x_wconf 88' lang='lat' dir='ltr'>iuvant,</span> <span class='ocrx_word' id='word_1_32' title='bbox 407 711 478 788; x_wconf 87' lang='lat' dir='ltr'>quia</span> <span class='ocrx_word' id='word_1_33' title='bbox 493 710 615 786; x_wconf 77' lang='lat' dir='ltr'>linguae</span> <span class='ocrx_word' id='word_1_34' title='bbox 632 709 745 771; x_wconf 84' lang='lat' dir='ltr'>crimen</span> <span class='ocrx_word' id='word_1_35' title='bbox 759 708 888 785; x_wconf 86' lang='lat' dir='ltr'>habetis,</span> 
     </span>
     <span class='ocr_line' id='line_1_7' title="bbox 105 795 765 872; baseline -0.003 -16"><span class='ocrx_word' id='word_1_36' title='bbox 105 795 198 872; x_wconf 83' lang='lat' dir='ltr'>Dique</span> <span class='ocrx_word' id='word_1_37' title='bbox 219 802 326 870; x_wconf 86' lang='lat' dir='ltr'>putant</span> <span class='ocrx_word' id='word_1_38' title='bbox 340 802 458 856; x_wconf 78' lang='lat' dir='ltr'>mentes</span> <span class='ocrx_word' id='word_1_39' title='bbox 476 809 532 854; x_wconf 90' lang='lat' dir='ltr'>vos</span> <span class='ocrx_word' id='word_1_40' title='bbox 547 795 667 870; x_wconf 81' lang='lat' dir='ltr'>aperire</span> <span class='ocrx_word' id='word_1_41' title='bbox 681 810 765 855; x_wconf 85' lang='lat' dir='ltr'>suas.</span> 
     </span>
     <span class='ocr_line' id='line_1_8' title="bbox 73 876 975 954; baseline -0.001 -16"><span class='ocrx_word' id='word_1_42' title='bbox 73 880 123 939; x_wconf 88' lang='lat' dir='ltr'>Nec</span> <span class='ocrx_word' id='word_1_43' title='bbox 134 887 235 940; x_wconf 88' lang='lat' dir='ltr'>tamen</span> <span class='ocrx_word' id='word_1_44' title='bbox 251 879 310 938; x_wconf 89' lang='lat' dir='ltr'>hoc</span> <span class='ocrx_word' id='word_1_45' title='bbox 326 879 445 940; x_wconf 88' lang='lat' dir='ltr'>laisum.</span> <span class='ocrx_word' id='word_1_46' title='bbox 477 894 557 952; x_wconf 89' lang='lat' dir='ltr'>nam,</span> <span class='ocrx_word' id='word_1_47' title='bbox 574 879 622 938; x_wconf 77' lang='lat' dir='ltr'>dIs</span> <span class='ocrx_word' id='word_1_48' title='bbox 636 884 669 938; x_wconf 92' lang='lat' dir='ltr'>ut</span> <span class='ocrx_word' id='word_1_49' title='bbox 683 876 823 954; x_wconf 86' lang='lat' dir='ltr'>proxima</span> <span class='ocrx_word' id='word_1_50' title='bbox 838 892 975 953; x_wconf 80' lang='lat' dir='ltr'>quaeque</span> 
     </span>
     <span class='ocr_line' id='line_1_9' title="bbox 105 962 797 1040; baseline -0.006 -18"><span class='ocrx_word' id='word_1_51' title='bbox 105 963 184 1024; x_wconf 87' lang='lat' dir='ltr'>Nunc</span> <span class='ocrx_word' id='word_1_52' title='bbox 198 963 294 1040; x_wconf 88' lang='lat' dir='ltr'>pinna</span> <span class='ocrx_word' id='word_1_53' title='bbox 309 979 409 1038; x_wconf 89' lang='lat' dir='ltr'>veras,</span> <span class='ocrx_word' id='word_1_54' title='bbox 432 977 513 1023; x_wconf 90' lang='lat' dir='ltr'>nunc</span> <span class='ocrx_word' id='word_1_55' title='bbox 535 962 614 1022; x_wconf 88' lang='lat' dir='ltr'>datis</span> <span class='ocrx_word' id='word_1_56' title='bbox 630 977 685 1022; x_wconf 86' lang='lat' dir='ltr'>ono</span> <span class='ocrx_word' id='word_1_57' title='bbox 698 968 797 1023; x_wconf 89' lang='lat' dir='ltr'>notas.</span> 
     </span>
     <span class='ocr_line' id='line_1_10' title="bbox 73 1045 893 1124; baseline 0.004 -18"><span class='ocrx_word' id='word_1_58' title='bbox 73 1048 135 1108; x_wconf 82' lang='lat' dir='ltr'>luta</span> <span class='ocrx_word' id='word_1_59' title='bbox 149 1047 202 1110; x_wconf 90' lang='lat' dir='ltr'>diu</span> <span class='ocrx_word' id='word_1_60' title='bbox 213 1048 374 1109; x_wconf 89' lang='lat' dir='ltr'>volucrum</span> <span class='ocrx_word' id='word_1_61' title='bbox 388 1049 492 1124; x_wconf 87' lang='lat' dir='ltr'>proles</span> <span class='ocrx_word' id='word_1_62' title='bbox 506 1052 569 1106; x_wconf 89' lang='lat' dir='ltr'>tum</span> <span class='ocrx_word' id='word_1_63' title='bbox 583 1045 716 1122; x_wconf 91' lang='lat' dir='ltr'>denique</span> <span class='ocrx_word' id='word_1_64' title='bbox 730 1061 823 1107; x_wconf 89' lang='lat' dir='ltr'>caesa</span> <span class='ocrx_word' id='word_1_65' title='bbox 836 1055 893 1124; x_wconf 89' lang='lat' dir='ltr'>est,</span> 
     </span>
     <span class='ocr_line' id='line_1_11' title="bbox 29 1129 672 1208; baseline -0.009 -15"><span class='ocrx_word' id='word_1_66' title='bbox 29 1143 62 1194; x_wconf 77' lang='lat' dir='ltr'>itt</span> <span class='ocrx_word' id='word_1_67' title='bbox 102 1133 299 1208; x_wconf 84' lang='lat' dir='ltr'>laveruntque</span> <span class='ocrx_word' id='word_1_68' title='bbox 313 1132 390 1194; x_wconf 89' lang='lat' dir='ltr'>deos</span> <span class='ocrx_word' id='word_1_69' title='bbox 404 1131 515 1191; x_wconf 90' lang='lat' dir='ltr'>indicis</span> <span class='ocrx_word' id='word_1_70' title='bbox 530 1136 601 1190; x_wconf 86' lang='lat' dir='ltr'>exta</span> <span class='ocrx_word' id='word_1_71' title='bbox 615 1129 672 1191; x_wconf 89' lang='lat' dir='ltr'>sui.</span> 
     </span>
     <span class='ocr_line' id='line_1_12' title="bbox 74 1213 741 1292; baseline 0.001 -17"><span class='ocrx_word' id='word_1_72' title='bbox 74 1217 140 1292; x_wconf 78' lang='lat' dir='ltr'>Ergo</span> <span class='ocrx_word' id='word_1_73' title='bbox 154 1231 251 1292; x_wconf 86' lang='lat' dir='ltr'>saepe</span> <span class='ocrx_word' id='word_1_74' title='bbox 265 1232 323 1278; x_wconf 86' lang='lat' dir='ltr'>suo</span> <span class='ocrx_word' id='word_1_75' title='bbox 340 1216 474 1277; x_wconf 85' lang='lat' dir='ltr'>coniunx</span> <span class='ocrx_word' id='word_1_76' title='bbox 487 1213 621 1275; x_wconf 89' lang='lat' dir='ltr'>abducta</span> <span class='ocrx_word' id='word_1_77' title='bbox 634 1214 741 1276; x_wconf 86' lang='lat' dir='ltr'>marito</span> 
     </span>
     <span class='ocr_line' id='line_1_13' title="bbox 104 1298 664 1362; baseline -0.007 -1"><span class='ocrx_word' id='word_1_78' title='bbox 104 1301 200 1361; x_wconf 88' lang='lat' dir='ltr'>Uritur</span> <span class='ocrx_word' id='word_1_79' title='bbox 212 1300 319 1361; x_wconf 77' lang='lat' dir='ltr'>Idaliis</span> <span class='ocrx_word' id='word_1_80' title='bbox 334 1300 405 1362; x_wconf 89' lang='lat' dir='ltr'>alba</span> <span class='ocrx_word' id='word_1_81' title='bbox 419 1299 560 1360; x_wconf 89' lang='lat' dir='ltr'>columba</span> <span class='ocrx_word' id='word_1_82' title='bbox 575 1298 664 1358; x_wconf 89' lang='lat' dir='ltr'>locis.</span> 
     </span>
     <span class='ocr_line' id='line_1_14' title="bbox 74 1382 863 1461; baseline -0.001 -18"><span class='ocrx_word' id='word_1_83' title='bbox 74 1385 123 1445; x_wconf 89' lang='lat' dir='ltr'>llec</span> <span class='ocrx_word' id='word_1_84' title='bbox 137 1384 265 1445; x_wconf 82' lang='lat' dir='ltr'>detensa</span> <span class='ocrx_word' id='word_1_85' title='bbox 278 1383 385 1446; x_wconf 89' lang='lat' dir='ltr'>iuvant</span> <span class='ocrx_word' id='word_1_86' title='bbox 400 1382 562 1461; x_wconf 84' lang='lat' dir='ltr'>Capitolia,</span> <span class='ocrx_word' id='word_1_87' title='bbox 580 1398 641 1459; x_wconf 90' lang='lat' dir='ltr'>quo</span> <span class='ocrx_word' id='word_1_88' title='bbox 656 1382 756 1444; x_wconf 90' lang='lat' dir='ltr'>minus</span> <span class='ocrx_word' id='word_1_89' title='bbox 771 1399 863 1444; x_wconf 90' lang='lat' dir='ltr'>anser</span> 
     </span>
     <span class='ocr_line' id='line_1_15' title="bbox 103 1466 748 1542; baseline -0.005 -14"><span class='ocrx_word' id='word_1_90' title='bbox 103 1468 157 1530; x_wconf 88' lang='lat' dir='ltr'>Det</span> <span class='ocrx_word' id='word_1_91' title='bbox 165 1468 250 1529; x_wconf 88' lang='lat' dir='ltr'>iecur</span> <span class='ocrx_word' id='word_1_92' title='bbox 264 1468 295 1528; x_wconf 90' lang='lat' dir='ltr'>in</span> <span class='ocrx_word' id='word_1_93' title='bbox 309 1468 424 1542; x_wconf 89' lang='lat' dir='ltr'>lances,</span> <span class='ocrx_word' id='word_1_94' title='bbox 439 1466 543 1528; x_wconf 90' lang='lat' dir='ltr'>Inachi</span> <span class='ocrx_word' id='word_1_95' title='bbox 556 1468 652 1541; x_wconf 71' lang='lat' dir='ltr'>laum,</span> <span class='ocrx_word' id='word_1_96' title='bbox 670 1473 748 1527; x_wconf 88' lang='lat' dir='ltr'>tuas.</span> 
     </span>
     <span class='ocr_line' id='line_1_16' title="bbox 32 1549 750 1623; baseline 0.001 -13"><span class='ocrx_word' id='word_1_97' title='bbox 32 1557 65 1611; x_wconf 77' lang='lat' dir='ltr'>lot</span> <span class='ocrx_word' id='word_1_98' title='bbox 76 1553 157 1612; x_wconf 89' lang='lat' dir='ltr'>Nocte</span> <span class='ocrx_word' id='word_1_99' title='bbox 170 1552 249 1614; x_wconf 88' lang='lat' dir='ltr'>deae</span> <span class='ocrx_word' id='word_1_100' title='bbox 262 1553 349 1614; x_wconf 90' lang='lat' dir='ltr'>Nocti</span> <span class='ocrx_word' id='word_1_101' title='bbox 365 1552 506 1614; x_wconf 88' lang='lat' dir='ltr'>cristatus</span> <span class='ocrx_word' id='word_1_102' title='bbox 522 1549 661 1612; x_wconf 78' lang='lat' dir='ltr'>caeditur</span> <span class='ocrx_word' id='word_1_103' title='bbox 675 1551 750 1623; x_wconf 91' lang='lat' dir='ltr'>ales,</span> 
     </span>
     <span class='ocr_line' id='line_1_17' title="bbox 107 1634 777 1714; baseline -0.001 -16"><span class='ocrx_word' id='word_1_104' title='bbox 107 1636 189 1711; x_wconf 82' lang='lat' dir='ltr'>Quod</span> <span class='ocrx_word' id='word_1_105' title='bbox 204 1637 341 1714; x_wconf 91' lang='lat' dir='ltr'>tepidum</span> <span class='ocrx_word' id='word_1_106' title='bbox 357 1635 440 1713; x_wconf 76' lang='lat' dir='ltr'>vigili</span> <span class='ocrx_word' id='word_1_107' title='bbox 456 1640 673 1712; x_wconf 84' lang='lat' dir='ltr'>provocatore</span> <span class='ocrx_word' id='word_1_108' title='bbox 688 1634 777 1697; x_wconf 87' lang='lat' dir='ltr'>diem</span> 
     </span>
     <span class='ocr_line' id='line_1_18' title="bbox 75 1718 825 1799; baseline 0 -20"><span class='ocrx_word' id='word_1_109' title='bbox 75 1720 180 1781; x_wconf 88' lang='lat' dir='ltr'>Interea</span> <span class='ocrx_word' id='word_1_110' title='bbox 192 1720 325 1799; x_wconf 88' lang='lat' dir='ltr'>Delphin</span> <span class='ocrx_word' id='word_1_111' title='bbox 340 1721 455 1783; x_wconf 89' lang='lat' dir='ltr'>clarum</span> <span class='ocrx_word' id='word_1_112' title='bbox 469 1735 564 1796; x_wconf 90' lang='lat' dir='ltr'>super</span> <span class='ocrx_word' id='word_1_113' title='bbox 581 1733 719 1795; x_wconf 88' lang='lat' dir='ltr'>aequora</span> <span class='ocrx_word' id='word_1_114' title='bbox 738 1718 825 1779; x_wconf 91' lang='lat' dir='ltr'>sidus</span> 
     </span>
     <span class='ocr_line' id='line_1_19' title="bbox 105 1803 711 1881; baseline -0.007 -16"><span class='ocrx_word' id='word_1_115' title='bbox 105 1806 238 1881; x_wconf 84' lang='lat' dir='ltr'>Tollitur,</span> <span class='ocrx_word' id='word_1_116' title='bbox 254 1812 285 1866; x_wconf 92' lang='lat' dir='ltr'>et</span> <span class='ocrx_word' id='word_1_117' title='bbox 305 1805 411 1881; x_wconf 86' lang='lat' dir='ltr'>patriis</span> <span class='ocrx_word' id='word_1_118' title='bbox 427 1804 523 1866; x_wconf 86' lang='lat' dir='ltr'>exerit</span> <span class='ocrx_word' id='word_1_119' title='bbox 539 1819 594 1864; x_wconf 87' lang='lat' dir='ltr'>ora</span> <span class='ocrx_word' id='word_1_120' title='bbox 612 1803 711 1864; x_wconf 89' lang='lat' dir='ltr'>vadis.</span> 
     </span>
    </p>
   </div>
   <div class='ocr_carea' id='block_1_3' title="bbox 398 1937 576 2001">
    <p class='ocr_par' dir='ltr' id='par_1_3' title="bbox 398 1937 576 2001">
     <span class='ocr_line' id='line_1_20' title="bbox 398 1937 576 2001; baseline -0.022 0"><span class='ocrx_word' id='word_1_121' title='bbox 398 1937 446 2001; x_wconf 90' lang='lat'>10.</span> <span class='ocrx_word' id='word_1_122' title='bbox 473 1937 498 1999; x_wconf 91' lang='lat' dir='ltr'>B</span> <span class='ocrx_word' id='word_1_123' title='bbox 520 1938 576 1998; x_wconf 80' lang='grc' dir='ltr'>ΕΝ</span> 
     </span>
    </p>
   </div>
   <div class='ocr_carea' id='block_1_4' title="bbox 29 2057 828 2223">
    <p class='ocr_par' dir='ltr' id='par_1_4' title="bbox 29 2057 828 2223">
     <span class='ocr_line' id='line_1_21' title="bbox 74 2057 828 2133; baseline 0.003 -17"><span class='ocrx_word' id='word_1_124' title='bbox 74 2057 187 2120; x_wconf 87' lang='lat' dir='ltr'>Postera</span> <span class='ocrx_word' id='word_1_125' title='bbox 201 2061 254 2124; x_wconf 88' lang='lat' dir='ltr'>lux</span> <span class='ocrx_word' id='word_1_126' title='bbox 269 2059 397 2120; x_wconf 87' lang='lat' dir='ltr'>hiemem</span> <span class='ocrx_word' id='word_1_127' title='bbox 412 2060 511 2120; x_wconf 93' lang='lat' dir='ltr'>medio</span> <span class='ocrx_word' id='word_1_128' title='bbox 527 2057 702 2119; x_wconf 87' lang='lat' dir='ltr'>discrimine</span> <span class='ocrx_word' id='word_1_129' title='bbox 717 2059 828 2133; x_wconf 79' lang='lat' dir='ltr'>signat,</span> 
     </span>
     <span class='ocr_line' id='line_1_22' title="bbox 29 2142 825 2223; baseline 0.001 -24"><span class='ocrx_word' id='word_1_130' title='bbox 29 2145 62 2199; x_wconf 80' lang='lat' dir='ltr'>lat</span> <span class='ocrx_word' id='word_1_131' title='bbox 103 2143 267 2223; x_wconf 77' lang='lat' dir='ltr'>Aequaque</span> <span class='ocrx_word' id='word_1_132' title='bbox 283 2143 463 2220; x_wconf 88' lang='lat' dir='ltr'>praeteritae</span> <span class='ocrx_word' id='word_1_133' title='bbox 479 2158 558 2218; x_wconf 89' lang='lat' dir='ltr'>quae</span> <span class='ocrx_word' id='word_1_134' title='bbox 572 2142 738 2219; x_wconf 71' lang='lat' dir='ltr'>superabit</span> <span class='ocrx_word' id='word_1_135' title='bbox 758 2142 825 2204; x_wconf 91' lang='lat' dir='ltr'>erit.</span> 
     </span>
    </p>
   </div>
   <div class='ocr_carea' id='block_1_5' title="bbox 266 2275 716 2340">
    <p class='ocr_par' dir='ltr' id='par_1_5' title="bbox 266 2275 716 2340">
     <span class='ocr_line' id='line_1_23' title="bbox 266 2275 716 2340; baseline -0.007 0"><span class='ocrx_word' id='word_1_136' title='bbox 266 2277 316 2340; x_wconf 91' lang='grc'>11.</span> <span class='ocrx_word' id='word_1_137' title='bbox 345 2277 544 2339; x_wconf 60' lang='lat' dir='ltr'>cerm-1⁴?</span> <span class='ocrx_word' id='word_1_138' title='bbox 587 2275 637 2338; x_wconf 76' lang='lat'>12.</span> <span class='ocrx_word' id='word_1_139' title='bbox 660 2277 716 2337; x_wconf 82' lang='lat' dir='ltr'>Dc</span> 
     </span>
    </p>
   </div>
   <div class='ocr_carea' id='block_1_6' title="bbox 28 2394 999 3061">
    <p class='ocr_par' dir='ltr' id='par_1_6' title="bbox 76 2394 778 2556">
     <span class='ocr_line' id='line_1_24' title="bbox 76 2394 778 2473; baseline 0 -17"><span class='ocrx_word' id='word_1_140' title='bbox 76 2396 202 2458; x_wconf 80' lang='lat' dir='ltr'>Proxima</span> <span class='ocrx_word' id='word_1_141' title='bbox 215 2396 383 2473; x_wconf 83' lang='lat' dir='ltr'>prospiciet</span> <span class='ocrx_word' id='word_1_142' title='bbox 395 2395 524 2458; x_wconf 86' lang='lat' dir='ltr'>Tithono</span> <span class='ocrx_word' id='word_1_143' title='bbox 538 2397 660 2455; x_wconf 85' lang='lat' dir='ltr'>Aurora</span> <span class='ocrx_word' id='word_1_144' title='bbox 673 2394 778 2456; x_wconf 89' lang='lat' dir='ltr'>relicto</span> 
     </span>
     <span class='ocr_line' id='line_1_25' title="bbox 106 2479 689 2556; baseline -0.003 -16"><span class='ocrx_word' id='word_1_145' title='bbox 106 2479 255 2541; x_wconf 80' lang='lat' dir='ltr'>Arcadiae</span> <span class='ocrx_word' id='word_1_146' title='bbox 276 2495 397 2541; x_wconf 89' lang='lat' dir='ltr'>sacrum</span> <span class='ocrx_word' id='word_1_147' title='bbox 412 2479 587 2556; x_wconf 84' lang='lat' dir='ltr'>pontificale</span> <span class='ocrx_word' id='word_1_148' title='bbox 601 2479 689 2539; x_wconf 85' lang='lat' dir='ltr'>deae.</span> 
     </span>
    </p>

    <p class='ocr_par' dir='ltr' id='par_1_7' title="bbox 74 2561 916 2724">
     <span class='ocr_line' id='line_1_26' title="bbox 74 2561 916 2642; baseline -0.002 -19"><span class='ocrx_word' id='word_1_149' title='bbox 74 2563 107 2626; x_wconf 86' lang='lat' dir='ltr'>Te</span> <span class='ocrx_word' id='word_1_150' title='bbox 120 2579 243 2642; x_wconf 87' lang='lat' dir='ltr'>quoque</span> <span class='ocrx_word' id='word_1_151' title='bbox 257 2563 309 2624; x_wconf 82' lang='lat' dir='ltr'>lux</span> <span class='ocrx_word' id='word_1_152' title='bbox 325 2564 447 2639; x_wconf 90' lang='lat' dir='ltr'>eadem,</span> <span class='ocrx_word' id='word_1_153' title='bbox 467 2563 558 2625; x_wconf 79' lang='lat' dir='ltr'>lurni</span> <span class='ocrx_word' id='word_1_154' title='bbox 573 2577 677 2635; x_wconf 90' lang='lat' dir='ltr'>soror,</span> <span class='ocrx_word' id='word_1_155' title='bbox 701 2561 780 2622; x_wconf 91' lang='lat' dir='ltr'>aede</span> <span class='ocrx_word' id='word_1_156' title='bbox 792 2561 916 2637; x_wconf 81' lang='lat' dir='ltr'>recepit,</span> 
     </span>
     <span class='ocr_line' id='line_1_27' title="bbox 104 2647 755 2724; baseline -0.011 -13"><span class='ocrx_word' id='word_1_157' title='bbox 104 2649 158 2711; x_wconf 85' lang='lat' dir='ltr'>llic</span> <span class='ocrx_word' id='word_1_158' title='bbox 172 2647 224 2709; x_wconf 90' lang='lat' dir='ltr'>uhi</span> <span class='ocrx_word' id='word_1_159' title='bbox 238 2648 386 2723; x_wconf 80' lang='lat' dir='ltr'>Virginea</span> <span class='ocrx_word' id='word_1_160' title='bbox 401 2647 533 2724; x_wconf 65' lang='lat' dir='ltr'>campus</span> <span class='ocrx_word' id='word_1_161' title='bbox 549 2647 650 2708; x_wconf 89' lang='lat' dir='ltr'>obitur</span> <span class='ocrx_word' id='word_1_162' title='bbox 664 2662 755 2722; x_wconf 87' lang='lat' dir='ltr'>aqua.</span> 
     </span>
    </p>

    <p class='ocr_par' dir='ltr' id='par_1_8' title="bbox 28 2731 900 2808">
     <span class='ocr_line' id='line_1_28' title="bbox 28 2731 900 2808; baseline -0.003 -16"><span class='ocrx_word' id='word_1_163' title='bbox 28 2738 60 2792; x_wconf 77' lang='lat' dir='ltr'>lto</span> <span class='ocrx_word' id='word_1_164' title='bbox 70 2731 147 2794; x_wconf 92' lang='lat' dir='ltr'>Unde</span> <span class='ocrx_word' id='word_1_165' title='bbox 161 2738 264 2808; x_wconf 88' lang='lat' dir='ltr'>petam</span> <span class='ocrx_word' id='word_1_166' title='bbox 279 2748 390 2794; x_wconf 87' lang='lat' dir='ltr'>causas</span> <span class='ocrx_word' id='word_1_167' title='bbox 406 2733 514 2793; x_wconf 90' lang='lat' dir='ltr'>horum</span> <span class='ocrx_word' id='word_1_168' title='bbox 529 2746 707 2808; x_wconf 90' lang='lat' dir='ltr'>moremque</span> <span class='ocrx_word' id='word_1_169' title='bbox 722 2736 900 2793; x_wconf 65' lang='lat' dir='ltr'>sacrorum?</span> 
     </span>
    </p>

    <p class='ocr_par' dir='ltr' id='par_1_9' title="bbox 106 2817 753 2893">
     <span class='ocr_line' id='line_1_29' title="bbox 106 2817 753 2893; baseline -0.005 -16"><span class='ocrx_word' id='word_1_170' title='bbox 106 2817 220 2892; x_wconf 80' lang='lat' dir='ltr'>Dirigct</span> <span class='ocrx_word' id='word_1_171' title='bbox 235 2817 266 2878; x_wconf 88' lang='lat' dir='ltr'>in</span> <span class='ocrx_word' id='word_1_172' title='bbox 281 2817 382 2879; x_wconf 89' lang='lat' dir='ltr'>medio</span> <span class='ocrx_word' id='word_1_173' title='bbox 400 2817 469 2893; x_wconf 88' lang='lat' dir='ltr'>quis</span> <span class='ocrx_word' id='word_1_174' title='bbox 486 2832 554 2878; x_wconf 89' lang='lat' dir='ltr'>mea</span> <span class='ocrx_word' id='word_1_175' title='bbox 569 2817 640 2876; x_wconf 87' lang='lat' dir='ltr'>vela</span> <span class='ocrx_word' id='word_1_176' title='bbox 654 2817 753 2876; x_wconf 77' lang='lat' dir='ltr'>iretol</span> 
     </span>
    </p>

    <p class='ocr_par' dir='ltr' id='par_1_10' title="bbox 72 2898 999 3061">
     <span class='ocr_line' id='line_1_30' title="bbox 72 2898 929 2977; baseline 0 -19"><span class='ocrx_word' id='word_1_177' title='bbox 72 2900 136 2976; x_wconf 90' lang='lat' dir='ltr'>lpsa</span> <span class='ocrx_word' id='word_1_178' title='bbox 147 2916 253 2975; x_wconf 86' lang='lat' dir='ltr'>mone,</span> <span class='ocrx_word' id='word_1_179' title='bbox 275 2916 355 2977; x_wconf 86' lang='lat' dir='ltr'>quae</span> <span class='ocrx_word' id='word_1_180' title='bbox 368 2917 479 2963; x_wconf 90' lang='lat' dir='ltr'>nomen</span> <span class='ocrx_word' id='word_1_181' title='bbox 495 2900 591 2961; x_wconf 87' lang='lat' dir='ltr'>habes</span> <span class='ocrx_word' id='word_1_182' title='bbox 610 2916 630 2960; x_wconf 91' lang='lat' dir='ltr'>a</span> <span class='ocrx_word' id='word_1_183' title='bbox 644 2899 777 2960; x_wconf 88' lang='lat' dir='ltr'>carmine</span> <span class='ocrx_word' id='word_1_184' title='bbox 796 2898 929 2974; x_wconf 89' lang='lat' dir='ltr'>ductum,</span> 
     </span>
     <span class='ocr_line' id='line_1_31' title="bbox 104 2973 999 3061; baseline -0.006 -17"><span class='ocrx_word' id='word_1_185' title='bbox 104 2984 326 3061; x_wconf 88' lang='lat' dir='ltr'>Propositoque</span> <span class='ocrx_word' id='word_1_186' title='bbox 341 2986 427 3059; x_wconf 85' lang='lat' dir='ltr'>lave,</span> <span class='ocrx_word' id='word_1_187' title='bbox 443 3001 482 3046; x_wconf 89' lang='lat' dir='ltr'>ne</span> <span class='ocrx_word' id='word_1_188' title='bbox 496 2993 566 3046; x_wconf 90' lang='lat' dir='ltr'>tuus</span> <span class='ocrx_word' id='word_1_189' title='bbox 582 2990 661 3044; x_wconf 85' lang='lat' dir='ltr'>erret</span> <span class='ocrx_word' id='word_1_190' title='bbox 674 2983 784 3043; x_wconf 88' lang='lat' dir='ltr'>honor.</span> <span class='ocrx_word' id='word_1_191' title='bbox 991 2973 999 2990; x_wconf 86' lang='lat'>&#39;</span> 
     </span>
    </p>
   </div>
   <div class='ocr_carea' id='block_1_7' title="bbox 13 3065 916 3580">
    <p class='ocr_par' dir='ltr' id='par_1_11' title="bbox 23 3065 754 3228">
     <span class='ocr_line' id='line_1_32' title="bbox 73 3065 754 3146; baseline -0.006 -18"><span class='ocrx_word' id='word_1_192' title='bbox 73 3065 137 3130; x_wconf 87' lang='lat' dir='ltr'>0rta</span> <span class='ocrx_word' id='word_1_193' title='bbox 150 3069 233 3146; x_wconf 84' lang='lat' dir='ltr'>prior</span> <span class='ocrx_word' id='word_1_194' title='bbox 246 3069 350 3130; x_wconf 90' lang='lat' dir='ltr'>luno...</span> <span class='ocrx_word' id='word_1_195' title='bbox 367 3070 407 3130; x_wconf 91' lang='lat' dir='ltr'>de</span> <span class='ocrx_word' id='word_1_196' title='bbox 421 3084 456 3129; x_wconf 90' lang='lat' dir='ltr'>se</span> <span class='ocrx_word' id='word_1_197' title='bbox 470 3069 498 3130; x_wconf 93' lang='lat' dir='ltr'>si</span> <span class='ocrx_word' id='word_1_198' title='bbox 516 3067 649 3130; x_wconf 90' lang='lat' dir='ltr'>creditur</span> <span class='ocrx_word' id='word_1_199' title='bbox 663 3067 754 3143; x_wconf 89' lang='lat' dir='ltr'>ipsi...</span> 
     </span>
     <span class='ocr_line' id='line_1_33' title="bbox 23 3151 733 3228; baseline 0.001 -20"><span class='ocrx_word' id='word_1_200' title='bbox 23 3153 58 3210; x_wconf 80' lang='lat' dir='ltr'>lic</span> <span class='ocrx_word' id='word_1_201' title='bbox 96 3153 124 3212; x_wconf 86' lang='lat' dir='ltr'><strong>A</strong></span> <span class='ocrx_word' id='word_1_202' title='bbox 137 3169 248 3228; x_wconf 78' lang='lat' dir='ltr'>magno</span> <span class='ocrx_word' id='word_1_203' title='bbox 264 3153 355 3215; x_wconf 90' lang='lat' dir='ltr'>tellus</span> <span class='ocrx_word' id='word_1_204' title='bbox 369 3153 492 3215; x_wconf 78' lang='lat' dir='ltr'>Arcade</span> <span class='ocrx_word' id='word_1_205' title='bbox 506 3168 619 3214; x_wconf 88' lang='lat' dir='ltr'>nomen</span> <span class='ocrx_word' id='word_1_206' title='bbox 632 3151 733 3212; x_wconf 86' lang='lat' dir='ltr'>habet.</span> 
     </span>
    </p>

    <p class='ocr_par' dir='ltr' id='par_1_12' title="bbox 13 3234 916 3398">
     <span class='ocr_line' id='line_1_34' title="bbox 70 3234 916 3313; baseline -0.002 -19"><span class='ocrx_word' id='word_1_207' title='bbox 70 3234 120 3296; x_wconf 90' lang='lat' dir='ltr'>llic</span> <span class='ocrx_word' id='word_1_208' title='bbox 139 3235 195 3297; x_wconf 86' lang='lat' dir='ltr'>tuit</span> <span class='ocrx_word' id='word_1_209' title='bbox 205 3236 359 3299; x_wconf 82' lang='lat' dir='ltr'>Euander.</span> <span class='ocrx_word' id='word_1_210' title='bbox 395 3237 446 3313; x_wconf 89' lang='lat' dir='ltr'>qui</span> <span class='ocrx_word' id='word_1_211' title='bbox 463 3253 648 3313; x_wconf 87' lang='lat' dir='ltr'>quamquam</span> <span class='ocrx_word' id='word_1_212' title='bbox 663 3237 762 3296; x_wconf 81' lang='lat' dir='ltr'>clarus</span> <span class='ocrx_word' id='word_1_213' title='bbox 779 3241 916 3309; x_wconf 82' lang='lat' dir='ltr'>utroque,</span> 
     </span>
     <span class='ocr_line' id='line_1_35' title="bbox 13 3319 737 3398; baseline -0.003 -18"><span class='ocrx_word' id='word_1_214' title='bbox 13 3321 14 3338; x_wconf 66' lang='lat'>¹</span> <span class='ocrx_word' id='word_1_215' title='bbox 102 3319 240 3381; x_wconf 87' lang='lat' dir='ltr'>Nobilior</span> <span class='ocrx_word' id='word_1_216' title='bbox 254 3337 364 3383; x_wconf 89' lang='lat' dir='ltr'>sacrae</span> <span class='ocrx_word' id='word_1_217' title='bbox 380 3321 530 3398; x_wconf 75' lang='lat' dir='ltr'>sanguine</span> <span class='ocrx_word' id='word_1_218' title='bbox 543 3321 647 3381; x_wconf 87' lang='lat' dir='ltr'>matris</span> <span class='ocrx_word' id='word_1_219' title='bbox 663 3326 737 3379; x_wconf 89' lang='lat' dir='ltr'>erat.</span> 
     </span>
    </p>

    <p class='ocr_par' dir='ltr' id='par_1_13' title="bbox 13 3400 860 3580">
     <span class='ocr_line' id='line_1_36' title="bbox 70 3400 860 3478; baseline -0.004 -16"><span class='ocrx_word' id='word_1_220' title='bbox 70 3401 148 3476; x_wconf 74' lang='lat' dir='ltr'>Quae</span> <span class='ocrx_word' id='word_1_221' title='bbox 162 3403 251 3465; x_wconf 89' lang='lat' dir='ltr'>simul</span> <span class='ocrx_word' id='word_1_222' title='bbox 271 3406 433 3468; x_wconf 89' lang='lat' dir='ltr'>aethereos</span> <span class='ocrx_word' id='word_1_223' title='bbox 448 3405 548 3466; x_wconf 89' lang='lat' dir='ltr'>animo</span> <span class='ocrx_word' id='word_1_224' title='bbox 565 3409 749 3478; x_wconf 87' lang='lat' dir='ltr'>conceperat</span> <span class='ocrx_word' id='word_1_225' title='bbox 763 3400 860 3477; x_wconf 77' lang='lat' dir='ltr'>ignes,</span> 
     </span>
     <span class='ocr_line' id='line_1_37' title="bbox 13 3487 689 3580; baseline -0.007 -29"><span class='ocrx_word' id='word_1_226' title='bbox 13 3507 15 3580; x_wconf 63' lang='lat' dir='ltr'>j</span> <span class='ocrx_word' id='word_1_227' title='bbox 106 3487 164 3550; x_wconf 88' lang='lat' dir='ltr'>Ore</span> <span class='ocrx_word' id='word_1_228' title='bbox 179 3487 272 3552; x_wconf 89' lang='lat' dir='ltr'>dabat</span> <span class='ocrx_word' id='word_1_229' title='bbox 285 3490 378 3566; x_wconf 86' lang='lat' dir='ltr'>pleno</span> <span class='ocrx_word' id='word_1_230' title='bbox 394 3490 526 3551; x_wconf 86' lang='lat' dir='ltr'>carmina</span> <span class='ocrx_word' id='word_1_231' title='bbox 541 3504 616 3549; x_wconf 90' lang='lat' dir='ltr'>vera</span> <span class='ocrx_word' id='word_1_232' title='bbox 630 3487 689 3548; x_wconf 89' lang='lat' dir='ltr'>dei.</span> 
     </span>
    </p>
   </div>
   <div class='ocr_carea' id='block_1_8' title="bbox 0 0 1190 3928">
    <p class='ocr_par' dir='ltr' id='par_1_14' title="bbox 0 0 1190 3928">
     <span class='ocr_line' id='line_1_38' title="bbox 0 0 1190 3928; baseline 0 0"><span class='ocrx_word' id='word_1_233' title='bbox 0 0 1190 3928; x_wconf 95' lang='lat' dir='ltr'> </span> 
     </span>
    </p>
   </div>
  </div>
 </body>
</html>
