2450 3932
391 229 448 306 ιιι,
468 226 504 306 s,
526 226 625 312 ε-ε,
648 227 699 293 aa.
940 320 945 324 ,
1011 234 1054 300 ιε

155 385 342 447 Caesareum
356 387 449 456 eaput
463 388 518 455 esi,
536 383 620 460 quod
636 391 729 460 eaput
742 382 827 444 orbis
841 392 921 446 erata

116 467 182 530 Non
197 466 315 542 aliquid
329 465 402 538 dixi,
419 465 615 544 violentaque
628 469 732 543 lingua
746 469 848 529 locuta
863 478 919 544 est,

156 552 325 628 Lapsaque
340 556 412 614 sunt
427 549 519 612 nimie
535 552 629 613 verba
643 554 775 627 protana
789 567 883 611 mero.

115 634 217 696 inscia
232 635 319 711 quod
335 634 448 694 crimen
463 634 605 697 viderunt
618 637 742 711 lumina,
757 639 884 711 plector,
916 695 921 702 ,

68 731 107 782 ιι)
154 719 383 794 Peccatumque
398 718 505 780 oeulos
520 729 568 781 est
580 720 729 782 habuisse
743 736 853 780 meum.

115 803 180 863 Non
196 804 340 880 equidem
355 809 449 865 totam
463 819 593 879 possum
609 807 775 866 defendere
790 805 925 880 eulpam:

155 885 218 948 Sed
232 893 353 963 partem
367 886 465 950 nostri
479 887 613 949 criminis
628 905 715 951 enur
729 888 830 949 habet.

117 971 196 1046 Spes
211 971 304 1047 igitur
318 978 471 1048 superest,
487 971 646 1048 iacturum,
660 981 693 1034 ut
706 973 822 1034 molliat
835 973 903 1047 ipse

152 1054 260 1116 Mutati
274 1071 407 1131 poenam
422 1056 606 1119 condicione
619 1058 689 1118 loei.

68 1145 100 1197 ιι
113 1139 203 1200 Hune
214 1139 331 1200 utinam
347 1140 433 1200 nitidi
447 1138 530 1201 Solis
544 1141 743 1216 praenuntius
759 1147 856 1202 ortum

150 1223 270 1284 Aderat
283 1224 422 1285 admisso
439 1223 561 1285 Lueiier
575 1225 662 1285 albus
678 1233 773 1301 equo!

58 1354 94 1446 ὖ.
112 1353 242 1452 Foedus
258 1391 409 1452 amicitiae
423 1406 481 1451 nee
494 1392 552 1466 vis,
568 1393 733 1469 carissime,
748 1402 881 1468 nostrae,

151 1477 216 1536 Nee
229 1475 257 1536 si
271 1476 352 1537 torte
364 1475 451 1549 velis,
467 1475 663 1538 dissimulare
679 1484 778 1554 potes.

112 1559 219 1622 Donec
232 1560 314 1620 enim
328 1560 419 1634 licuit,
434 1575 493 1622 nee
507 1568 537 1620 te
552 1560 623 1620 mihi
640 1563 739 1624 carior
753 1563 838 1638 aiter,

151 1645 216 1704 Nee
228 1644 283 1704 tibi
298 1657 347 1704 me
361 1649 425 1704 tota
438 1644 569 1705 iunctior
582 1645 665 1705 Urbe
680 1645 743 1707 ruit.

85 1728 208 1804 slsque
223 1734 289 1789 erat
303 1729 497 1802 usqueadeo
511 1730 628 1805 populo
644 1737 784 1804 testatus,
799 1738 832 1791 ut
848 1736 933 1792 esset

152 1813 256 1872 Paene
270 1811 370 1886 magis
386 1820 532 1888 quantu,
549 1829 705 1888 quamque
719 1827 788 1888 ego,
803 1822 895 1876 notus
910 1829 1006 1875 amor.

61 1927 99 1940 -
113 1897 232 1972 Quique
249 1897 360 1956 eratin
377 1897 456 1956 caris
471 1897 562 1958 animi
578 1897 632 1957 tibi
647 1896 764 1959 candor
778 1897 893 1971 amieis,

65 2013 92 2022 -
154 1981 302 2056 cognitus
316 1987 365 2041 est
378 1978 448 2055 ipsi,
464 1997 556 2057 quem
570 1981 656 2054 eolis,
672 1981 730 2042 iste
744 1981 821 2044 viro.

108 2065 155 2125 Nil
168 2066 212 2126 ita
225 2063 358 2137 celabas,
373 2071 481 2124 utnon
497 2080 555 2141 ego
570 2066 715 2127 conscius
730 2081 841 2141 essem,

69 2156 99 2209 ιο
149 2148 394 2224 Pectoribusque
409 2149 507 2209 dabas
521 2151 615 2210 muita
628 2150 761 2224 tegenda
775 2149 867 2210 meis:

104 2233 221 2310 Cuique
234 2247 294 2308 ego
312 2232 474 2292 narrabam
489 2233 600 2298 secreti
616 2233 764 2310 quicquid
777 2231 937 2310 habebam,

148 2317 287 2393 Excepto
302 2316 388 2392 quod
401 2331 450 2376 me
464 2317 605 2391 perdidit
622 2334 703 2378 unus
718 2331 798 2378 eras.

110 2401 147 2460 ld
164 2417 288 2478 quoque
302 2401 330 2462 si
342 2400 470 2476 scisseS,
485 2402 573 2462 salvo
588 2403 725 2463 fruerere
739 2400 848 2474 sodali,

68 2492 98 2545 ιι
156 2485 353 2562 consilioque
366 2485 463 2546 iorem
478 2500 601 2560 sospes,
617 2485 723 2556 umiae,
739 2491 801 2544 tuo.

62 2599 98 2612 -
112 2567 176 2628 Sed
190 2585 258 2629 mea
271 2585 321 2630 me
335 2569 365 2629 in
380 2583 514 2644 poenam
528 2568 668 2630 nimirum
682 2569 743 2628 iata
757 2563 926 2627 trahebant.

61 2681 98 2695 ——
157 2651 251 2713 Omne
264 2653 366 2714 bonae
382 2653 527 2715 claudunt
541 2653 677 2714 utilitatis
692 2653 757 2713 iter.

14 2805 15 2814 χ
110 2735 184 2797 Sive
194 2739 306 2798 maium
319 2737 406 2814 potui
419 2745 519 2799 tamen
534 2737 595 2798 hoe
608 2737 705 2798 vitare
720 2734 868 2809 cavendo,

152 2819 214 2882 Seu
227 2822 304 2883 ratio
319 2823 415 2882 iatum
428 2821 553 2883 vincere
567 2822 650 2882 nulia
662 2823 759 2881 ualet:

14 2907 15 2984 3
109 2904 158 2965 Tu
171 2911 281 2979 tamen,
297 2923 316 2968 ο
331 2905 422 2968 nobis
437 2923 497 2968 usu
511 2905 700 2968 iunctissime
714 2906 817 2980 longo,

15 3003 16 3016 ¹
67 2998 98 3052 ιι
149 2987 225 3050 Pars
241 2989 386 3051 desiderii
400 2991 532 3050 maxima
548 3004 646 3064 paene
659 2989 729 3064 mei,

15 3137 17 3150 A
113 3073 166 3133 Sis
181 3089 306 3150 memor,
320 3082 352 3136 et
363 3072 471 3151 siquas
486 3074 559 3144 feeit
573 3073 627 3133 tibi
641 3073 738 3148 gretia
757 3073 846 3146 uires,

15 3155 16 3174 ¹
155 3158 227 3218 ilias
241 3175 298 3233 pro
313 3159 404 3221 nobis
418 3157 588 3234 experiare,
603 3173 690 3233 rogo,

110 3241 250 3302 Numinis
265 3249 299 3302 ut
311 3243 388 3304 laesi
402 3242 456 3302 fiat
468 3242 657 3302 mansuetior
674 3242 727 3311 ira,

154 3324 335 3400 Mutatoque
349 3327 448 3388 minor
462 3328 502 3387 sit
515 3341 584 3386 mea
598 3341 701 3402 poena
714 3327 795 3386 ioco.

68 3413 97 3465 ib
110 3409 211 3483 idque
225 3409 276 3482 iia,
292 3411 319 3470 si
332 3410 448 3471 nullum
464 3412 567 3472 scelus
584 3410 675 3470 estin
692 3417 819 3485 pectere
834 3415 951 3484 nostro,

152 3492 401 3571 Principiumque
415 3495 474 3554 mei
490 3493 623 3553 criminis
639 3509 725 3554 error
739 3493 839 3553 habet.
