2450 3932
400 225 440 298 11,
465 222 641 290 lea-567.

49 387 88 445 500
133 379 268 453 Parsque
282 379 326 438 tui
341 377 479 455 generis,
495 395 569 454 pars
586 385 636 440 tua
652 380 731 442 laeta
747 385 868 444 canunt.

100 463 197 523 invida
210 477 261 522 me
277 462 380 537 spatio
397 468 506 522 natura
527 465 661 524 coercuit
674 471 750 539 arlo,

134 547 257 621 ingenio
273 546 358 606 vires
373 545 565 621 exiguasque
579 547 674 607 dedit.

99 631 130 689 lu
144 637 241 690 tamen
256 631 310 689 ille
324 635 395 690 tuae
411 629 483 690 felix
496 631 655 692 Aeneidos
671 639 779 692 auctor

135 714 263 775 Contulit
276 714 308 772 in
322 715 432 790 Tyrios
447 729 531 774 arrna
546 714 704 789 uirumque
718 722 813 786 toros,

51 798 156 858 5051150
168 799 279 874 legitur
295 813 371 872 pars
385 797 447 858 ullu
461 797 560 872 magis
575 797 615 857 de
630 813 761 874 corpore
775 805 847 870 toto,

137 881 228 954 Quam
243 897 306 941 non
322 881 455 956 legitimo
472 880 597 941 loedere
613 881 735 943 iunctus
751 897 846 942 amur.

100 965 239 1042 Phyllidis
251 966 301 1026 hic
316 965 398 1025 idem
411 971 597 1039 teneraeque
610 965 810 1042 Amaryllidis
827 963 916 1040 ignes

134 1049 286 1110 Bucolicis
302 1048 422 1110 iuvenis
437 1050 552 1109 luserat
569 1056 638 1109 aute
648 1049 759 1111 modis.

101 1134 157 1193 Nos
172 1148 296 1208 quoque
310 1132 371 1193 iarn
387 1133 503 1208 pridem
519 1133 633 1208 scripto
649 1131 844 1209 peccavimus
858 1132 934 1194 istor

55 1219 93 1272 510
140 1216 326 1292 Supplicium
343 1217 455 1291 patitur
469 1232 530 1277 nou
546 1232 628 1277 nova
640 1218 733 1292 ,eulpa
747 1232 876 1277 novum=

106 1300 296 1375 carminaque
312 1299 484 1375 edideram,
501 1316 570 1362 curn
586 1308 615 1361 te
631 1300 742 1362 delicta
756 1307 911 1361 notantem

139 1383 293 1443 Praeteriit
307 1382 419 1444 totiens
434 1383 623 1459 inrequietus
639 1399 746 1459 eques.

106 1467 175 1541 Ergo
192 1482 272 1541 quae
286 1467 390 1527 iuveni
403 1467 475 1527 milri
491 1485 552 1528 non
568 1468 706 1530 nocitura
722 1469 826 1542 putavi

143 1549 258 1625 Scripta
274 1566 381 1625 parum
399 1550 550 1626 prudens,
567 1567 647 1612 nunc
662 1567 796 1612 nocuere
816 1549 893 1610 seni.

56 1645 93 1698 515
107 1633 173 1695 Sera
184 1634 370 1694 redundavit
383 1635 498 1695 veteris
514 1635 651 1696 vindicta
666 1635 767 1708 libelli,

137 1717 229 1779 distat
244 1723 275 1777 et
288 1735 307 1778 a
320 1718 417 1778 meriti
433 1726 570 1794 tempore
584 1734 686 1794 poena
701 1719 757 1780 sui.

106 1802 142 1862 Ne
154 1809 249 1863 tumen
266 1817 357 1862 omne
371 1817 469 1861 meum
487 1802 598 1863 credas
620 1819 700 1878 opus
722 1817 794 1862 esse
810 1802 980 1877 remissura.

25 1911 26 1950 l
142 1885 237 1962 Saepe
252 1887 324 1946 dedi
340 1893 463 1947 nostrae
477 1885 607 1961 grandia
622 1887 692 1946 vela
704 1885 771 1947 rati.
895 1893 899 1904 '

108 1967 160 2030 Sex
173 1986 228 2044 ego
241 1969 407 2032 Fastorum
423 1970 536 2046 scripsi
552 1971 738 2044 totidemque
754 1969 883 2043 libellos,

26 2131 27 2134 Ἴ
58 2063 95 2114 550
141 2055 271 2129 Cumque
286 2070 345 2115 suo
361 2054 453 2114 linem
468 2069 575 2115 meuse
591 2057 734 2115 volumen
749 2053 856 2114 habeta

105 2137 190 2212 quue
204 2144 256 2200 tuo
272 2153 371 2213 nuper
385 2138 532 2213 scriplum
550 2138 607 2200 sub
623 2139 760 2213 nornine,
778 2139 899 2211 Caesar,

139 2221 173 2280 111
185 2221 238 2282 tibi
256 2227 410 2282 sacratum
422 2237 493 2282 sors
509 2237 577 2283 mea
591 2223 672 2298 rupit
686 2239 774 2298 opus.

104 2305 136 2365 Et
149 2305 286 2366 dedimus
303 2305 427 2380 tragicis
443 2305 589 2381 scriptum
602 2308 706 2382 regale
721 2305 886 2375 cothurnis,

140 2389 282 2465 Quaeque
296 2389 400 2465 gravis
416 2389 507 2450 debet
520 2389 615 2450 verba
629 2389 796 2450 cothurnus
811 2389 911 2449 habet.

28 2525 29 2544 ,
60 2481 94 2532 555
105 2473 242 2548 uictaque
254 2481 325 2536 sunt
339 2473 445 2548 nobis,
463 2474 604 2548 quamvis
619 2489 729 2533 manus
744 2471 848 2532 ultima
863 2478 974 2546 coepto

138 2557 250 2628 Defuit,
268 2557 299 2617 in
314 2558 409 2617 iacies
425 2572 558 2634 corpora
572 2573 665 2618 versa
679 2571 788 2616 novas.

29 2695 30 2698 ,
105 2643 194 2716 Atque
209 2641 322 2702 utinam
338 2655 469 2702 revoces
484 2643 618 2704 oninium
633 2640 792 2716 paulisper
806 2640 844 2700 ab
860 2639 914 2714 ira,

29 2789 30 2794 γ
139 2725 173 2785 Et
185 2741 286 2786 vacuo
302 2724 410 2786 iubeas
425 2725 497 2786 hine
511 2725 563 2786 tibi
580 2740 679 2802 pauca
693 2724 761 2800 legi,

30 2867 32 2880 ,
105 2807 210 2884 Pauca,
229 2808 342 2884 quibus
359 2809 456 2883 prima
469 2825 599 2885 surgens
615 2808 653 2868 ab
671 2808 788 2883 origine
801 2808 915 2880 muudi,

60 2892 93 2947 010
135 2893 166 2952 ln
180 2899 233 2953 tua
247 2892 363 2953 deduxi
376 2900 528 2967 tempora,
546 2895 673 2967 Caesar,
690 2908 785 2967 opus:

30 2983 32 3028 1
105 2977 254 3050 Aspicies,
273 2982 419 3051 quantum
433 2977 557 3039 dederis
573 2975 644 3036 mihi
662 2975 795 3050 pectoris
811 2975 889 3052 ipse,

31 3091 32 3120 1
138 3058 264 3134 Quoque
280 3063 389 3121 lavore
403 3061 495 3121 animi
509 3067 600 3136 teque
615 3067 749 3134 tuosque
763 3075 882 3120 canam.

31 3151 32 3172 ²
104 3141 160 3203 Non
176 3159 234 3219 ego
249 3144 388 3205 mordaci
404 3144 553 3206 destrinxi
569 3143 701 3206 carmine
718 3159 911 3218 quemquam,

138 3226 196 3287 Nec
209 3243 300 3290 mous
315 3228 408 3288 ullius
424 3229 550 3290 crimina
567 3244 679 3288 versus
693 3227 795 3288 habet.

32 3383 33 3392 2
62 3310 93 3364 105
105 3308 250 3373 candidus
266 3329 285 3374 a
299 3311 417 3373 salibus
434 3311 564 3375 suiiusis
579 3311 649 3372 iellc
663 3311 778 3386 refugis

32 3395 33 3424 ¹
138 3393 222 3456 Nulla
238 3401 390 3457 venenato
405 3397 505 3457 littera
519 3396 615 3456 mixta
629 3395 698 3456 ioco
714 3401 770 3454 est.

33 3485 34 3552 f
105 3475 174 3538 Inter
189 3486 234 3541 tot
251 3479 374 3558 populi,
393 3487 438 3544 tot
453 3479 592 3556 scriptis,
608 3479 691 3539 milia
704 3479 817 3598 nostri²

34 3634 36 3678 1

35 3691 36 3718 1
