2372 3928
291 271 345 346 tll,
367 269 403 348 9,
425 271 547 348 6-lV,
570 269 604 349 1,
626 271 676 337 19.
735 271 740 286 ¹
933 275 993 341 175

106 427 187 488 Unus
204 423 388 501 amicorum,
406 425 513 500 Brute,
529 425 686 500 rogandus
703 434 789 487 eratt
852 457 856 468 ι

69 511 128 571 Non
143 509 194 568 luit
208 509 269 568 hoe
284 509 367 569 tanti.
397 511 542 569 confesso
557 509 722 586 ignoscite,
743 511 839 572 docti=

108 592 200 656 Vilior
216 601 265 653 est
279 593 384 668 operis
402 592 482 652 tama
497 593 594 653 salute
608 607 687 653 mea.

70 678 197 754 Denique
211 677 369 737 materiam
386 691 477 750 quom
493 676 562 751 quis
578 673 637 737 sibi
652 677 773 738 tinxerit
788 679 864 754 lpse,

105 763 233 823 Arbitrio
249 761 348 822 variat
362 759 455 820 multe
469 767 562 836 poeta
579 777 645 822 suo.

100 862 151 905 usa
166 861 232 904 mea
247 851 296 904 est
311 845 405 904 index
420 843 543 904 nimium
560 861 684 920 quoque
700 859 772 904 vera
787 847 944 922 melorum,

108 931 206 1002 Atque
219 928 387 1004 incorrupti
404 929 542 1004 pondero
559 929 645 988 testis
662 927 762 989 hobel.

94 1027 125 1072 ec
143 1012 216 1072 liber
229 1021 262 1074 ut
277 1012 378 1086 lieret,
395 1012 451 1072 sed
466 1013 508 1072 uti
525 1027 582 1072 sue
598 1011 709 1088 cuique
723 1013 846 1075 daretur

107 1097 228 1170 Littera,
245 1097 438 1173 propositum
458 1111 592 1171 curaque
607 1103 714 1158 nostra
732 1097 796 1158 luit.

92 1181 226 1241 estmodo
242 1181 403 1252 collectas,
421 1187 585 1255 utcumque
601 1180 668 1240 sine
684 1180 806 1256 ordine,
824 1181 922 1243 iunxi:

108 1265 170 1325 Hoe
184 1281 264 1341 opus
280 1265 408 1326 electum
423 1281 462 1324 ne
476 1264 549 1324 mihi
567 1265 645 1325 lorte
661 1273 761 1340 putes.

94 1348 239 1409 aventem
254 1348 393 1424 seriptis,
411 1365 539 1424 qnorum
555 1363 616 1408 non
636 1349 734 1425 glorio
749 1348 837 1410 uobis

108 1431 216 1507 Causa,
233 1432 289 1492 sed
304 1432 416 1494 utilitas
433 1433 630 1507 officiumque
646 1433 707 1492 luit.

271 1713 422 1796 ttttttt
448 1711 692 1806 obturet.

107 1901 245 1963 SEXTO
267 1901 483 1962 POMPEIO.

78 1985 196 2095 decipe,
212 2019 354 2096 Pompei,
374 2021 537 2081 deductum
553 2034 674 2078 carmen
690 2017 727 2078 ab
744 2019 804 2092 illo,

107 2103 222 2164 Debitor
238 2111 285 2164 est
297 2104 379 2164 vitoe
397 2105 448 2180 qui
461 2103 530 2178 tibi,
550 2101 660 2178 Sexte,
676 2117 761 2163 suae.

76 2184 119 2258 Qui
131 2203 183 2248 seu
198 2203 258 2248 uon
275 2187 420 2262 prohibes
435 2193 582 2248 ametro
598 2187 722 2248 nomina
738 2185 819 2263 poni,

107 2272 233 2332 Accedet
250 2273 365 2333 meritis
381 2272 456 2332 llaec
473 2285 597 2347 quoque
611 2287 729 2331 summa
742 2271 820 2330 tuis:

55 2351 137 2415 tSive
150 2356 243 2416 trahis
259 2357 377 2430 vultus,
395 2357 538 2432 equidem
553 2371 703 2432 peccasse
719 2351 845 2429 fatebor,

106 2439 204 2501 Delicti
217 2448 318 2500 temen
334 2445 380 2500 est
395 2455 490 2501 eausa
506 2439 665 2516 probanda
680 2439 748 2498 mei.

74 2520 126 2582 Nou
140 2524 233 2598 potuit
246 2539 315 2584 mea
331 2539 431 2597 mens,
449 2530 534 2586 esset
548 2525 621 2600 quin
636 2531 736 2599 grute,
752 2521 856 2582 teneri.

107 2605 146 2667 Sit
161 2623 269 2683 precor
285 2607 388 2668 ollieio
404 2625 465 2669 uon
478 2609 581 2684 gravis
596 2609 641 2668 irc
655 2607 716 2683 pio.

75 2685 104 2746 0!
119 2692 252 2764 quotiens
268 2707 326 2772 ego
343 2708 410 2752 sum
426 2691 509 2752 libris
525 2691 598 2751 milti
613 2691 698 2752 visus
714 2691 743 2751 in
759 2688 825 2750 istis

43 2773 63 2825 tt
104 2773 225 2852 impius,
241 2778 272 2836 in
287 2778 369 2837 nullo
387 2777 470 2852 quod
485 2778 621 2852 legerere
636 2775 721 2836 loeo:

75 2852 103 2913 0!
119 2861 268 2936 quotiens,
286 2861 336 2921 clii
352 2861 463 2920 vellem
478 2876 547 2921 cum
562 2859 710 2934 seribere,
726 2873 836 2920 nomen

105 2941 218 3004 Rettulit
232 2945 262 3005 in
279 2960 367 3006 ceros
383 2945 480 3006 inscio
495 2945 602 3004 dextre
617 2950 717 3003 tuum!

72 3021 130 3096 lpse
142 3029 211 3088 mihi
226 3029 341 3106 placuit
355 3029 475 3090 mendis
490 3031 520 3089 in
536 3027 647 3088 talibus
664 3042 757 3101 error,

103 3107 136 3171 Et
149 3112 198 3172 vix
211 3113 306 3173 invito
321 3113 401 3174 loeta
416 3113 503 3173 litura
517 3127 608 3172 mauu
624 3117 680 3171 est.

42 3197 60 3250 tt
72 3191 194 3256 ‘Viderit’
210 3197 249 3258 od
265 3213 417 3258 summum
432 3195 504 3256 dixi.
534 3195 616 3256 ‘licet
631 3195 699 3270 ipse
715 3199 867 3270 queratur,

102 3275 180 3340 Hauc
194 3281 289 3357 pudet
304 3279 454 3341 eliensem
469 3295 529 3340 uon
546 3279 695 3340 meruisse
710 3279 817 3356 prius?

70 3356 105 3418 lic
118 3363 198 3438 mihi,
214 3366 240 3426 si
257 3365 330 3442 quid
345 3381 383 3426 ec
401 3372 461 3437 est,
477 3365 669 3424 hebetantem
685 3368 809 3440 pectem
824 3361 947 3434 Lethen,

103 3443 209 3510 Oblitus
224 3456 333 3526 potero
349 3465 409 3510 non
425 3456 524 3509 tamen
540 3461 612 3508 esse
627 3448 678 3507 tui.

70 3523 151 3604 quue
165 3532 246 3594 sinas
263 3548 335 3607 oro,
355 3547 412 3594 nec
427 3531 562 3594 fastidite
575 3531 708 3610 repellas
