<?xml version="1.0" encoding="UTF-8"?>
<!DOCTYPE html PUBLIC "-//W3C//DTD XHTML 1.0 Transitional//EN"
    "http://www.w3.org/TR/xhtml1/DTD/xhtml1-transitional.dtd">
<html xmlns="http://www.w3.org/1999/xhtml" xml:lang="en" lang="en">
 <head>
  <title>
</title>
<meta http-equiv="Content-Type" content="text/html;charset=utf-8" />
  <meta name='ocr-system' content='tesseract 3.04.00' />
  <meta name='ocr-capabilities' content='ocr_page ocr_carea ocr_par ocr_line ocrx_word'/>
</head>
<body>
  <div class='ocr_page' id='page_1' title='image "./povidiusnaso00goog_0150.png"; bbox 0 0 2394 3940; ppageno 0'>
   <div class='ocr_carea' id='block_1_1' title="bbox 347 244 1020 324">
    <p class='ocr_par' dir='ltr' id='par_1_1' title="bbox 347 244 1020 324">
     <span class='ocr_line' id='line_1_1' title="bbox 347 244 1020 324; baseline 0.007 -15"><span class='ocrx_word' id='word_1_1' title='bbox 347 246 392 324; x_wconf 89' lang='lat' dir='ltr'>ll,</span> <span class='ocrx_word' id='word_1_2' title='bbox 414 245 450 324; x_wconf 74' lang='lat'>2,</span> <span class='ocrx_word' id='word_1_3' title='bbox 472 244 666 320; x_wconf 81' lang='lat' dir='ltr'>70-3,1t.</span> <span class='ocrx_word' id='word_1_4' title='bbox 958 246 1020 314; x_wconf 78' lang='lat'>1³9</span> 
     </span>
    </p>
   </div>
   <div class='ocr_carea' id='block_1_2' title="bbox 48 398 976 2167">
    <p class='ocr_par' dir='ltr' id='par_1_2' title="bbox 48 398 976 2167">
     <span class='ocr_line' id='line_1_2' title="bbox 124 398 768 478; baseline -0.006 -14"><span class='ocrx_word' id='word_1_5' title='bbox 124 401 200 464; x_wconf 81' lang='lat' dir='ltr'>Esse</span> <span class='ocrx_word' id='word_1_6' title='bbox 214 405 319 478; x_wconf 88' lang='lat' dir='ltr'>potest</span> <span class='ocrx_word' id='word_1_7' title='bbox 333 398 437 460; x_wconf 87' lang='lat' dir='ltr'>domui</span> <span class='ocrx_word' id='word_1_8' title='bbox 452 399 514 460; x_wconf 82' lang='lat' dir='ltr'>vita</span> <span class='ocrx_word' id='word_1_9' title='bbox 528 399 674 476; x_wconf 83' lang='lat' dir='ltr'>pudenda</span> <span class='ocrx_word' id='word_1_10' title='bbox 689 408 768 462; x_wconf 82' lang='lat' dir='ltr'>tuae.</span> 
     </span>
     <span class='ocr_line' id='line_1_3' title="bbox 96 484 824 562; baseline -0.005 -13"><span class='ocrx_word' id='word_1_11' title='bbox 96 489 140 550; x_wconf 91' lang='lat' dir='ltr'>Sic</span> <span class='ocrx_word' id='word_1_12' title='bbox 154 487 243 562; x_wconf 83' lang='lat' dir='ltr'>igitur</span> <span class='ocrx_word' id='word_1_13' title='bbox 258 490 381 545; x_wconf 79' lang='lat' dir='ltr'>restrae</span> <span class='ocrx_word' id='word_1_14' title='bbox 394 484 518 560; x_wconf 81' lang='lat' dir='ltr'>vigeant</span> <span class='ocrx_word' id='word_1_15' title='bbox 532 486 701 559; x_wconf 81' lang='lat' dir='ltr'>pen-etruria</span> <span class='ocrx_word' id='word_1_16' title='bbox 715 484 824 560; x_wconf 82' lang='lat' dir='ltr'>gentis,</span> 
     </span>
     <span class='ocr_line' id='line_1_4' title="bbox 48 567 798 645; baseline -0.011 -13"><span class='ocrx_word' id='word_1_17' title='bbox 48 585 86 640; x_wconf 85' lang='lat'>110</span> <span class='ocrx_word' id='word_1_18' title='bbox 132 571 270 645; x_wconf 78' lang='lat' dir='ltr'>Curaque</span> <span class='ocrx_word' id='word_1_19' title='bbox 285 571 325 629; x_wconf 91' lang='lat' dir='ltr'>sit</span> <span class='ocrx_word' id='word_1_20' title='bbox 339 569 462 644; x_wconf 83' lang='lat' dir='ltr'>superis</span> <span class='ocrx_word' id='word_1_21' title='bbox 479 567 726 644; x_wconf 82' lang='lat' dir='ltr'><strong>Caesaribusque</strong></span> <span class='ocrx_word' id='word_1_22' title='bbox 740 569 798 630; x_wconf 63' lang='lat' dir='ltr'>tuit</span> 
     </span>
     <span class='ocr_line' id='line_1_5' title="bbox 94 652 844 730; baseline -0.005 -12"><span class='ocrx_word' id='word_1_23' title='bbox 94 657 172 730; x_wconf 85' lang='lat' dir='ltr'>Mite,</span> <span class='ocrx_word' id='word_1_24' title='bbox 188 654 245 715; x_wconf 89' lang='lat' dir='ltr'>sed</span> <span class='ocrx_word' id='word_1_25' title='bbox 259 654 369 714; x_wconf 86' lang='lat' dir='ltr'>iratum</span> <span class='ocrx_word' id='word_1_26' title='bbox 384 653 491 715; x_wconf 87' lang='lat' dir='ltr'>meritc</span> <span class='ocrx_word' id='word_1_27' title='bbox 507 652 596 728; x_wconf 89' lang='lat' dir='ltr'>mihi,</span> <span class='ocrx_word' id='word_1_28' title='bbox 611 668 724 715; x_wconf 92' lang='lat' dir='ltr'>numen</span> <span class='ocrx_word' id='word_1_29' title='bbox 739 653 844 730; x_wconf 80' lang='lat' dir='ltr'>edors,</span> 
     </span>
     <span class='ocr_line' id='line_1_6' title="bbox 128 735 725 816; baseline -0.008 -16"><span class='ocrx_word' id='word_1_30' title='bbox 128 739 245 800; x_wconf 80' lang='lat' dir='ltr'><strong>Eximat</strong></span> <span class='ocrx_word' id='word_1_31' title='bbox 258 744 292 798; x_wconf 90' lang='lat' dir='ltr'>ut</span> <span class='ocrx_word' id='word_1_32' title='bbox 307 735 444 816; x_wconf 78' lang='lat' dir='ltr'>Scythici</span> <span class='ocrx_word' id='word_1_33' title='bbox 459 753 507 797; x_wconf 88' lang='lat' dir='ltr'>me</span> <span class='ocrx_word' id='word_1_34' title='bbox 522 737 640 799; x_wconf 80' lang='lat' dir='ltr'>ienitate</span> <span class='ocrx_word' id='word_1_35' title='bbox 655 738 725 799; x_wconf 90' lang='lat' dir='ltr'>loci.</span> 
     </span>
     <span class='ocr_line' id='line_1_7' title="bbox 95 821 895 898; baseline -0.004 -13"><span class='ocrx_word' id='word_1_36' title='bbox 95 823 216 886; x_wconf 84' lang='lat' dir='ltr'>Difficile</span> <span class='ocrx_word' id='word_1_37' title='bbox 233 829 295 898; x_wconf 89' lang='lat' dir='ltr'>est,</span> <span class='ocrx_word' id='word_1_38' title='bbox 311 822 418 882; x_wconf 84' lang='lat' dir='ltr'>intcor.</span> <span class='ocrx_word' id='word_1_39' title='bbox 449 821 506 882; x_wconf 89' lang='lat' dir='ltr'>sed</span> <span class='ocrx_word' id='word_1_40' title='bbox 520 821 618 882; x_wconf 90' lang='lat' dir='ltr'>tendit</span> <span class='ocrx_word' id='word_1_41' title='bbox 632 822 662 882; x_wconf 92' lang='lat' dir='ltr'>in</span> <span class='ocrx_word' id='word_1_42' title='bbox 679 822 775 882; x_wconf 84' lang='lat' dir='ltr'>ardua</span> <span class='ocrx_word' id='word_1_43' title='bbox 789 822 895 897; x_wconf 81' lang='lat' dir='ltr'>virtus,</span> 
     </span>
     <span class='ocr_line' id='line_1_8' title="bbox 129 905 661 986; baseline -0.008 -17"><span class='ocrx_word' id='word_1_44' title='bbox 129 909 164 969; x_wconf 83' lang='lat' dir='ltr'>Eit</span> <span class='ocrx_word' id='word_1_45' title='bbox 176 908 245 968; x_wconf 83' lang='lat' dir='ltr'>tuiis</span> <span class='ocrx_word' id='word_1_46' title='bbox 259 905 358 966; x_wconf 84' lang='lat' dir='ltr'>meriti</span> <span class='ocrx_word' id='word_1_47' title='bbox 372 906 470 981; x_wconf 77' lang='lat' dir='ltr'>gretia</span> <span class='ocrx_word' id='word_1_48' title='bbox 484 906 661 986; x_wconf 19' lang='lat' dir='ltr'>meiorserit.</span> 
     </span>
     <span class='ocr_line' id='line_1_9' title="bbox 50 991 913 1070; baseline 0.001 -18"><span class='ocrx_word' id='word_1_49' title='bbox 50 1001 87 1054; x_wconf 83' lang='lat'>115</span> <span class='ocrx_word' id='word_1_50' title='bbox 97 993 150 1054; x_wconf 86' lang='lat' dir='ltr'>Nee</span> <span class='ocrx_word' id='word_1_51' title='bbox 164 999 265 1053; x_wconf 84' lang='lat' dir='ltr'>temen</span> <span class='ocrx_word' id='word_1_52' title='bbox 278 991 436 1051; x_wconf 81' lang='lat' dir='ltr'>Aetnaeus</span> <span class='ocrx_word' id='word_1_53' title='bbox 451 998 541 1052; x_wconf 83' lang='lat' dir='ltr'>vesto</span> <span class='ocrx_word' id='word_1_54' title='bbox 556 991 765 1070; x_wconf 82' lang='lat' dir='ltr'>Polyphemus</span> <span class='ocrx_word' id='word_1_55' title='bbox 780 991 811 1051; x_wconf 94' lang='lat' dir='ltr'>in</span> <span class='ocrx_word' id='word_1_56' title='bbox 827 998 913 1053; x_wconf 83' lang='lat' dir='ltr'>antro</span> 
     </span>
     <span class='ocr_line' id='line_1_10' title="bbox 129 1075 715 1152; baseline -0.007 -16"><span class='ocrx_word' id='word_1_57' title='bbox 129 1076 267 1152; x_wconf 81' lang='lat' dir='ltr'>Accipiet</span> <span class='ocrx_word' id='word_1_58' title='bbox 279 1090 376 1136; x_wconf 89' lang='lat' dir='ltr'>voces</span> <span class='ocrx_word' id='word_1_59' title='bbox 391 1075 615 1152; x_wconf 81' lang='lat' dir='ltr'>Antiphatesve</span> <span class='ocrx_word' id='word_1_60' title='bbox 629 1083 715 1137; x_wconf 68' lang='lat' dir='ltr'>tunsa</span> 
     </span>
     <span class='ocr_line' id='line_1_11' title="bbox 95 1159 945 1238; baseline 0 -16"><span class='ocrx_word' id='word_1_61' title='bbox 95 1161 151 1222; x_wconf 86' lang='lat' dir='ltr'>Sed</span> <span class='ocrx_word' id='word_1_62' title='bbox 163 1160 304 1237; x_wconf 81' lang='lat' dir='ltr'>placidus</span> <span class='ocrx_word' id='word_1_63' title='bbox 320 1159 482 1236; x_wconf 82' lang='lat' dir='ltr'>facilisque</span> <span class='ocrx_word' id='word_1_64' title='bbox 497 1175 609 1237; x_wconf 81' lang='lat' dir='ltr'>parens</span> <span class='ocrx_word' id='word_1_65' title='bbox 625 1160 796 1236; x_wconf 81' lang='lat' dir='ltr'>veniaeque</span> <span class='ocrx_word' id='word_1_66' title='bbox 810 1167 945 1238; x_wconf 81' lang='lat' dir='ltr'>paratus,</span> 
     </span>
     <span class='ocr_line' id='line_1_12' title="bbox 127 1244 777 1322; baseline -0.005 -16"><span class='ocrx_word' id='word_1_67' title='bbox 127 1245 163 1306; x_wconf 79' lang='lat' dir='ltr'>Et</span> <span class='ocrx_word' id='word_1_68' title='bbox 178 1245 230 1320; x_wconf 90' lang='lat' dir='ltr'>qui</span> <span class='ocrx_word' id='word_1_69' title='bbox 244 1244 389 1305; x_wconf 78' lang='lat' dir='ltr'>fulmineo</span> <span class='ocrx_word' id='word_1_70' title='bbox 405 1260 502 1322; x_wconf 79' lang='lat' dir='ltr'>saepe</span> <span class='ocrx_word' id='word_1_71' title='bbox 517 1245 585 1305; x_wconf 89' lang='lat' dir='ltr'>sine</span> <span class='ocrx_word' id='word_1_72' title='bbox 599 1245 669 1320; x_wconf 79' lang='lat' dir='ltr'>igne</span> <span class='ocrx_word' id='word_1_73' title='bbox 683 1251 777 1306; x_wconf 85' lang='lat' dir='ltr'>tonat.</span> 
     </span>
     <span class='ocr_line' id='line_1_13' title="bbox 94 1328 891 1406; baseline -0.001 -16"><span class='ocrx_word' id='word_1_74' title='bbox 94 1331 142 1405; x_wconf 82' lang='lat' dir='ltr'>Qui</span> <span class='ocrx_word' id='word_1_75' title='bbox 158 1346 226 1391; x_wconf 89' lang='lat' dir='ltr'>cum</span> <span class='ocrx_word' id='word_1_76' title='bbox 241 1328 328 1390; x_wconf 86' lang='lat' dir='ltr'>triste</span> <span class='ocrx_word' id='word_1_77' title='bbox 343 1328 459 1404; x_wconf 79' lang='lat' dir='ltr'>aliquid</span> <span class='ocrx_word' id='word_1_78' title='bbox 476 1329 594 1405; x_wconf 80' lang='lat' dir='ltr'>statuit,</span> <span class='ocrx_word' id='word_1_79' title='bbox 610 1329 644 1390; x_wconf 86' lang='lat' dir='ltr'>tit</span> <span class='ocrx_word' id='word_1_80' title='bbox 657 1329 753 1391; x_wconf 84' lang='lat' dir='ltr'>tristis</span> <span class='ocrx_word' id='word_1_81' title='bbox 770 1330 891 1406; x_wconf 86' lang='lat' dir='ltr'>etipse,</span> 
     </span>
     <span class='ocr_line' id='line_1_14' title="bbox 52 1413 874 1490; baseline -0.01 -10"><span class='ocrx_word' id='word_1_82' title='bbox 52 1427 86 1480; x_wconf 84' lang='grc'>111</span> <span class='ocrx_word' id='word_1_83' title='bbox 134 1414 247 1490; x_wconf 82' lang='lat' dir='ltr'>cuique</span> <span class='ocrx_word' id='word_1_84' title='bbox 263 1413 328 1473; x_wconf 87' lang='lat' dir='ltr'>iere</span> <span class='ocrx_word' id='word_1_85' title='bbox 343 1428 476 1488; x_wconf 82' lang='lat' dir='ltr'>poenam</span> <span class='ocrx_word' id='word_1_86' title='bbox 491 1428 613 1474; x_wconf 90' lang='lat' dir='ltr'>sumere</span> <span class='ocrx_word' id='word_1_87' title='bbox 627 1427 730 1490; x_wconf 82' lang='lat' dir='ltr'>poene</span> <span class='ocrx_word' id='word_1_88' title='bbox 745 1429 802 1474; x_wconf 83' lang='lat' dir='ltr'>sua</span> <span class='ocrx_word' id='word_1_89' title='bbox 816 1421 874 1475; x_wconf 89' lang='lat' dir='ltr'>cst.</span> 
     </span>
     <span class='ocr_line' id='line_1_15' title="bbox 95 1497 853 1574; baseline 0.003 -16"><span class='ocrx_word' id='word_1_90' title='bbox 95 1499 177 1560; x_wconf 88' lang='lat' dir='ltr'>Victa</span> <span class='ocrx_word' id='word_1_91' title='bbox 190 1505 292 1558; x_wconf 79' lang='lat' dir='ltr'>temen</span> <span class='ocrx_word' id='word_1_92' title='bbox 305 1497 380 1559; x_wconf 88' lang='lat' dir='ltr'>vitio</span> <span class='ocrx_word' id='word_1_93' title='bbox 395 1503 444 1560; x_wconf 88' lang='lat' dir='ltr'>cst</span> <span class='ocrx_word' id='word_1_94' title='bbox 456 1499 547 1560; x_wconf 92' lang='lat' dir='ltr'>huius</span> <span class='ocrx_word' id='word_1_95' title='bbox 563 1497 724 1559; x_wconf 85' lang='lat' dir='ltr'>clementia</span> <span class='ocrx_word' id='word_1_96' title='bbox 737 1505 853 1574; x_wconf 89' lang='lat' dir='ltr'>nostro,</span> 
     </span>
     <span class='ocr_line' id='line_1_16' title="bbox 127 1581 694 1644; baseline -0.004 -1"><span class='ocrx_word' id='word_1_97' title='bbox 127 1583 216 1644; x_wconf 87' lang='lat' dir='ltr'>Venit</span> <span class='ocrx_word' id='word_1_98' title='bbox 230 1589 261 1642; x_wconf 88' lang='lat' dir='ltr'>et</span> <span class='ocrx_word' id='word_1_99' title='bbox 275 1581 316 1642; x_wconf 85' lang='lat' dir='ltr'>ad</span> <span class='ocrx_word' id='word_1_100' title='bbox 329 1582 412 1643; x_wconf 85' lang='lat' dir='ltr'>uires</span> <span class='ocrx_word' id='word_1_101' title='bbox 426 1583 472 1644; x_wconf 83' lang='lat' dir='ltr'>im</span> <span class='ocrx_word' id='word_1_102' title='bbox 486 1590 595 1644; x_wconf 84' lang='lat' dir='ltr'>coacta</span> <span class='ocrx_word' id='word_1_103' title='bbox 609 1598 694 1644; x_wconf 79' lang='lat' dir='ltr'>sues.</span> 
     </span>
     <span class='ocr_line' id='line_1_17' title="bbox 95 1665 838 1744; baseline -0.003 -16"><span class='ocrx_word' id='word_1_104' title='bbox 95 1668 143 1744; x_wconf 78' lang='lat' dir='ltr'>Qui</span> <span class='ocrx_word' id='word_1_105' title='bbox 158 1667 302 1744; x_wconf 84' lang='lat' dir='ltr'>quonium</span> <span class='ocrx_word' id='word_1_106' title='bbox 318 1667 417 1744; x_wconf 85' lang='lat' dir='ltr'>patria</span> <span class='ocrx_word' id='word_1_107' title='bbox 430 1674 494 1730; x_wconf 89' lang='lat' dir='ltr'>toto</span> <span class='ocrx_word' id='word_1_108' title='bbox 510 1683 617 1730; x_wconf 88' lang='lat' dir='ltr'>sumus</span> <span class='ocrx_word' id='word_1_109' title='bbox 633 1665 709 1729; x_wconf 82' lang='lat' dir='ltr'>orbe</span> <span class='ocrx_word' id='word_1_110' title='bbox 722 1667 838 1742; x_wconf 88' lang='lat' dir='ltr'>remoti,</span> 
     </span>
     <span class='ocr_line' id='line_1_18' title="bbox 126 1751 778 1829; baseline 0 -17"><span class='ocrx_word' id='word_1_111' title='bbox 126 1752 185 1813; x_wconf 86' lang='lat' dir='ltr'>Nec</span> <span class='ocrx_word' id='word_1_112' title='bbox 198 1753 271 1812; x_wconf 87' lang='lat' dir='ltr'>iicet</span> <span class='ocrx_word' id='word_1_113' title='bbox 285 1758 355 1812; x_wconf 82' lang='lat' dir='ltr'>ante</span> <span class='ocrx_word' id='word_1_114' title='bbox 369 1751 457 1827; x_wconf 90' lang='lat' dir='ltr'>ipsos</span> <span class='ocrx_word' id='word_1_115' title='bbox 472 1751 676 1829; x_wconf 85' lang='lat' dir='ltr'>procubuisse</span> <span class='ocrx_word' id='word_1_116' title='bbox 690 1751 778 1824; x_wconf 89' lang='lat' dir='ltr'>deos,</span> 
     </span>
     <span class='ocr_line' id='line_1_19' title="bbox 54 1834 976 1912; baseline -0.003 -17"><span class='ocrx_word' id='word_1_117' title='bbox 54 1843 88 1895; x_wconf 80' lang='lat' dir='ltr'>tii</span> <span class='ocrx_word' id='word_1_118' title='bbox 99 1836 171 1912; x_wconf 79' lang='lat' dir='ltr'>Quos</span> <span class='ocrx_word' id='word_1_119' title='bbox 185 1837 279 1911; x_wconf 89' lang='lat' dir='ltr'>coiis,</span> <span class='ocrx_word' id='word_1_120' title='bbox 300 1835 341 1896; x_wconf 81' lang='lat' dir='ltr'>sd</span> <span class='ocrx_word' id='word_1_121' title='bbox 356 1852 488 1912; x_wconf 86' lang='lat' dir='ltr'>superos</span> <span class='ocrx_word' id='word_1_122' title='bbox 503 1837 581 1897; x_wconf 88' lang='lat' dir='ltr'>haec</span> <span class='ocrx_word' id='word_1_123' title='bbox 596 1838 642 1897; x_wconf 87' lang='lat' dir='ltr'>ier</span> <span class='ocrx_word' id='word_1_124' title='bbox 655 1836 799 1896; x_wconf 78' lang='lat' dir='ltr'>mandute</span> <span class='ocrx_word' id='word_1_125' title='bbox 814 1834 976 1896; x_wconf 75' lang='lat' dir='ltr'>sacerdos:</span> 
     </span>
     <span class='ocr_line' id='line_1_20' title="bbox 126 1919 873 1996; baseline -0.007 -14"><span class='ocrx_word' id='word_1_126' title='bbox 126 1921 212 1982; x_wconf 87' lang='lat' dir='ltr'>Adde</span> <span class='ocrx_word' id='word_1_127' title='bbox 228 1921 286 1982; x_wconf 90' lang='lat' dir='ltr'>sed</span> <span class='ocrx_word' id='word_1_128' title='bbox 301 1927 331 1980; x_wconf 86' lang='lat' dir='ltr'>et</span> <span class='ocrx_word' id='word_1_129' title='bbox 345 1923 490 1996; x_wconf 83' lang='lat' dir='ltr'>proprias</span> <span class='ocrx_word' id='word_1_130' title='bbox 505 1920 546 1982; x_wconf 86' lang='lat' dir='ltr'>ad</span> <span class='ocrx_word' id='word_1_131' title='bbox 560 1935 630 1982; x_wconf 87' lang='lat' dir='ltr'>mea</span> <span class='ocrx_word' id='word_1_132' title='bbox 643 1919 739 1981; x_wconf 82' lang='lat' dir='ltr'>verba</span> <span class='ocrx_word' id='word_1_133' title='bbox 753 1933 873 1995; x_wconf 85' lang='lat' dir='ltr'>preces.</span> 
     </span>
     <span class='ocr_line' id='line_1_21' title="bbox 98 2003 909 2084; baseline -0.006 -18"><span class='ocrx_word' id='word_1_134' title='bbox 98 2003 140 2066; x_wconf 89' lang='lat' dir='ltr'>Sic</span> <span class='ocrx_word' id='word_1_135' title='bbox 152 2013 252 2066; x_wconf 79' lang='lat' dir='ltr'>temen</span> <span class='ocrx_word' id='word_1_136' title='bbox 266 2004 344 2066; x_wconf 86' lang='lat' dir='ltr'>haec</span> <span class='ocrx_word' id='word_1_137' title='bbox 358 2010 489 2084; x_wconf 82' lang='lat' dir='ltr'>tempta,</span> <span class='ocrx_word' id='word_1_138' title='bbox 506 2006 532 2067; x_wconf 90' lang='lat' dir='ltr'>si</span> <span class='ocrx_word' id='word_1_139' title='bbox 547 2023 610 2068; x_wconf 93' lang='lat' dir='ltr'>non</span> <span class='ocrx_word' id='word_1_140' title='bbox 625 2005 762 2066; x_wconf 82' lang='lat' dir='ltr'>nocitura</span> <span class='ocrx_word' id='word_1_141' title='bbox 777 2004 909 2080; x_wconf 80' lang='lat' dir='ltr'>putabis.</span> 
     </span>
     <span class='ocr_line' id='line_1_22' title="bbox 127 2089 824 2167; baseline -0.003 -17"><span class='ocrx_word' id='word_1_142' title='bbox 127 2091 280 2167; x_wconf 78' lang='lat' dir='ltr'>ignosces.</span> <span class='ocrx_word' id='word_1_143' title='bbox 308 2089 401 2152; x_wconf 88' lang='lat' dir='ltr'>timec</span> <span class='ocrx_word' id='word_1_144' title='bbox 416 2093 583 2167; x_wconf 77' lang='lat' dir='ltr'>naufragus</span> <span class='ocrx_word' id='word_1_145' title='bbox 599 2105 690 2153; x_wconf 87' lang='lat' dir='ltr'>omne</span> <span class='ocrx_word' id='word_1_146' title='bbox 705 2089 824 2151; x_wconf 84' lang='lat' dir='ltr'>irctum.</span> 
     </span>
    </p>
   </div>
   <div class='ocr_carea' id='block_1_3' title="bbox 61 2271 329 2374">
    <p class='ocr_par' dir='ltr' id='par_1_3' title="bbox 61 2271 329 2374">
     <span class='ocr_line' id='line_1_23' title="bbox 61 2271 329 2374; baseline -0.015 -2"><span class='ocrx_word' id='word_1_147' title='bbox 61 2271 91 2371; x_wconf 81' lang='lat'>3.</span> <span class='ocrx_word' id='word_1_148' title='bbox 133 2309 329 2374; x_wconf 78' lang='grc'><strong>1111111110.</strong></span> 
     </span>
    </p>
   </div>
   <div class='ocr_carea' id='block_1_4' title="bbox 19 2389 972 2840">
    <p class='ocr_par' dir='ltr' id='par_1_4' title="bbox 19 2389 972 2840">
     <span class='ocr_line' id='line_1_24' title="bbox 99 2389 861 2504; baseline -0.007 -19"><span class='ocrx_word' id='word_1_149' title='bbox 99 2389 241 2501; x_wconf 79' lang='lat' dir='ltr'>Maxime,</span> <span class='ocrx_word' id='word_1_150' title='bbox 259 2427 312 2504; x_wconf 91' lang='lat' dir='ltr'>qui</span> <span class='ocrx_word' id='word_1_151' title='bbox 327 2425 418 2488; x_wconf 78' lang='lat' dir='ltr'>claris</span> <span class='ocrx_word' id='word_1_152' title='bbox 431 2439 543 2486; x_wconf 89' lang='lat' dir='ltr'>nomen</span> <span class='ocrx_word' id='word_1_153' title='bbox 558 2421 719 2483; x_wconf 89' lang='lat' dir='ltr'>virtutibus</span> <span class='ocrx_word' id='word_1_154' title='bbox 735 2435 861 2495; x_wconf 83' lang='lat' dir='ltr'>nequas,</span> 
     </span>
     <span class='ocr_line' id='line_1_25' title="bbox 133 2504 857 2588; baseline -0.014 -17"><span class='ocrx_word' id='word_1_155' title='bbox 133 2510 191 2572; x_wconf 86' lang='lat' dir='ltr'>Nec</span> <span class='ocrx_word' id='word_1_156' title='bbox 205 2513 283 2573; x_wconf 85' lang='lat' dir='ltr'>sinis</span> <span class='ocrx_word' id='word_1_157' title='bbox 298 2511 453 2588; x_wconf 82' lang='lat' dir='ltr'>ingenium</span> <span class='ocrx_word' id='word_1_158' title='bbox 467 2507 623 2570; x_wconf 84' lang='lat' dir='ltr'>nobilitate</span> <span class='ocrx_word' id='word_1_159' title='bbox 637 2504 743 2580; x_wconf 86' lang='lat' dir='ltr'>premi,</span> <span class='ocrx_word' id='word_1_160' title='bbox 856 2529 857 2532; x_wconf 36' lang='lat'>¹</span> 
     </span>
     <span class='ocr_line' id='line_1_26' title="bbox 19 2583 972 2674; baseline -0.013 -18"><span class='ocrx_word' id='word_1_161' title='bbox 19 2671 20 2674; x_wconf 8' lang='grc' dir='ltr'><strong>Ἴ</strong></span> <span class='ocrx_word' id='word_1_162' title='bbox 99 2594 172 2656; x_wconf 83' lang='lat' dir='ltr'>culte</span> <span class='ocrx_word' id='word_1_163' title='bbox 184 2597 289 2657; x_wconf 90' lang='lat' dir='ltr'>mihi...</span> <span class='ocrx_word' id='word_1_164' title='bbox 305 2594 380 2672; x_wconf 90' lang='lat' dir='ltr'>quid</span> <span class='ocrx_word' id='word_1_165' title='bbox 395 2594 475 2655; x_wconf 85' lang='lat' dir='ltr'>enim</span> <span class='ocrx_word' id='word_1_166' title='bbox 490 2597 588 2654; x_wconf 86' lang='lat' dir='ltr'>stutus</span> <span class='ocrx_word' id='word_1_167' title='bbox 602 2589 653 2650; x_wconf 86' lang='lat' dir='ltr'>hic</span> <span class='ocrx_word' id='word_1_168' title='bbox 666 2604 686 2648; x_wconf 82' lang='lat' dir='ltr'><strong>a</strong></span> <span class='ocrx_word' id='word_1_169' title='bbox 699 2588 806 2649; x_wconf 84' lang='lat' dir='ltr'>funere</span> <span class='ocrx_word' id='word_1_170' title='bbox 821 2583 972 2647; x_wconf 75' lang='lat' dir='ltr'>diderit...</span> 
     </span>
     <span class='ocr_line' id='line_1_27' title="bbox 19 2675 816 2756; baseline -0.016 -14"><span class='ocrx_word' id='word_1_171' title='bbox 19 2707 20 2750; x_wconf 64' lang='lat'><em>3</em></span> <span class='ocrx_word' id='word_1_172' title='bbox 133 2677 311 2756; x_wconf 75' lang='lat' dir='ltr'>supremum</span> <span class='ocrx_word' id='word_1_173' title='bbox 326 2680 407 2740; x_wconf 83' lang='lat' dir='ltr'>vitae</span> <span class='ocrx_word' id='word_1_174' title='bbox 421 2685 542 2754; x_wconf 89' lang='lat' dir='ltr'>tempus</span> <span class='ocrx_word' id='word_1_175' title='bbox 558 2675 700 2750; x_wconf 84' lang='lat' dir='ltr'>adusque</span> <span class='ocrx_word' id='word_1_176' title='bbox 714 2686 816 2732; x_wconf 84' lang='lat' dir='ltr'>meae:</span> 
     </span>
     <span class='ocr_line' id='line_1_28' title="bbox 77 2757 847 2840; baseline -0.016 -13"><span class='ocrx_word' id='word_1_177' title='bbox 77 2763 167 2827; x_wconf 76' lang='lat' dir='ltr'>sitem</span> <span class='ocrx_word' id='word_1_178' title='bbox 180 2766 273 2840; x_wconf 81' lang='lat' dir='ltr'>iacis,</span> <span class='ocrx_word' id='word_1_179' title='bbox 289 2762 436 2824; x_wconf 84' lang='lat' dir='ltr'>efflictum</span> <span class='ocrx_word' id='word_1_180' title='bbox 450 2778 512 2822; x_wconf 91' lang='lat' dir='ltr'>non</span> <span class='ocrx_word' id='word_1_181' title='bbox 532 2765 693 2821; x_wconf 81' lang='lat' dir='ltr'>aversatus</span> <span class='ocrx_word' id='word_1_182' title='bbox 708 2757 847 2831; x_wconf 80' lang='lat' dir='ltr'>amicum,</span> 
     </span>
    </p>
   </div>
   <div class='ocr_carea' id='block_1_5' title="bbox 19 2773 1021 3337">
    <p class='ocr_par' dir='ltr' id='par_1_5' title="bbox 19 2773 1021 3337">
     <span class='ocr_line' id='line_1_29' title="bbox 19 2773 21 2806; baseline 0 0"><span class='ocrx_word' id='word_1_183' title='bbox 19 2773 21 2806; x_wconf 96' lang='grc' dir='ltr'>Ι</span> 
     </span>
     <span class='ocr_line' id='line_1_30' title="bbox 19 2827 689 2922; baseline -0.016 -10"><span class='ocrx_word' id='word_1_184' title='bbox 19 2827 21 2902; x_wconf 81' lang='grc' dir='ltr'>Ι</span> <span class='ocrx_word' id='word_1_185' title='bbox 132 2848 192 2922; x_wconf 80' lang='lat' dir='ltr'>Qun</span> <span class='ocrx_word' id='word_1_186' title='bbox 206 2865 269 2910; x_wconf 90' lang='lat' dir='ltr'>non</span> <span class='ocrx_word' id='word_1_187' title='bbox 285 2855 333 2909; x_wconf 90' lang='lat' dir='ltr'>est</span> <span class='ocrx_word' id='word_1_188' title='bbox 347 2863 426 2908; x_wconf 80' lang='lat' dir='ltr'>nevo</span> <span class='ocrx_word' id='word_1_189' title='bbox 440 2847 538 2907; x_wconf 83' lang='lat' dir='ltr'>rarior</span> <span class='ocrx_word' id='word_1_190' title='bbox 551 2845 614 2905; x_wconf 85' lang='lat' dir='ltr'>uile</span> <span class='ocrx_word' id='word_1_191' title='bbox 627 2851 689 2905; x_wconf 89' lang='lat' dir='ltr'>tuo.</span> 
     </span>
     <span class='ocr_line' id='line_1_31' title="bbox 19 2905 960 3010; baseline -0.015 -17"><span class='ocrx_word' id='word_1_192' title='bbox 19 2905 21 2952; x_wconf 66' lang='lat'><em>&#39;</em></span> <span class='ocrx_word' id='word_1_193' title='bbox 97 2933 186 3009; x_wconf 87' lang='lat' dir='ltr'>Turpe</span> <span class='ocrx_word' id='word_1_194' title='bbox 202 2933 328 3010; x_wconf 89' lang='lat' dir='ltr'>quidem</span> <span class='ocrx_word' id='word_1_195' title='bbox 342 2931 441 3006; x_wconf 89' lang='lat' dir='ltr'>dictu,</span> <span class='ocrx_word' id='word_1_196' title='bbox 457 2930 545 2991; x_wconf 89' lang='lat' dir='ltr'>sed...</span> <span class='ocrx_word' id='word_1_197' title='bbox 563 2929 589 2989; x_wconf 92' lang='lat' dir='ltr'>si</span> <span class='ocrx_word' id='word_1_198' title='bbox 603 2927 697 3000; x_wconf 82' lang='lat' dir='ltr'>modo</span> <span class='ocrx_word' id='word_1_199' title='bbox 711 2939 785 2986; x_wconf 84' lang='lat' dir='ltr'>vere</span> <span class='ocrx_word' id='word_1_200' title='bbox 799 2924 960 2986; x_wconf 80' lang='lat' dir='ltr'>sciemur...</span> 
     </span>
     <span class='ocr_line' id='line_1_32' title="bbox 130 3011 686 3092; baseline -0.011 -17"><span class='ocrx_word' id='word_1_201' title='bbox 130 3017 246 3092; x_wconf 81' lang='lat' dir='ltr'>Vulgus</span> <span class='ocrx_word' id='word_1_202' title='bbox 262 3015 412 3077; x_wconf 85' lang='lat' dir='ltr'>amicitias</span> <span class='ocrx_word' id='word_1_203' title='bbox 427 3014 552 3075; x_wconf 82' lang='lat' dir='ltr'>utilitate</span> <span class='ocrx_word' id='word_1_204' title='bbox 567 3011 686 3089; x_wconf 87' lang='lat' dir='ltr'>probat.</span> 
     </span>
     <span class='ocr_line' id='line_1_33' title="bbox 97 3091 1021 3177; baseline -0.011 -17"><span class='ocrx_word' id='word_1_205' title='bbox 97 3099 176 3177; x_wconf 80' lang='lat' dir='ltr'>Cura,</span> <span class='ocrx_word' id='word_1_206' title='bbox 190 3103 265 3177; x_wconf 92' lang='lat' dir='ltr'>quid</span> <span class='ocrx_word' id='word_1_207' title='bbox 276 3100 431 3177; x_wconf 85' lang='lat' dir='ltr'>expediat,</span> <span class='ocrx_word' id='word_1_208' title='bbox 444 3099 529 3175; x_wconf 88' lang='lat' dir='ltr'>prius</span> <span class='ocrx_word' id='word_1_209' title='bbox 541 3103 597 3172; x_wconf 91' lang='lat' dir='ltr'>est,</span> <span class='ocrx_word' id='word_1_210' title='bbox 611 3110 702 3170; x_wconf 79' lang='lat' dir='ltr'>quem</span> <span class='ocrx_word' id='word_1_211' title='bbox 710 3091 785 3169; x_wconf 91' lang='lat' dir='ltr'>quid</span> <span class='ocrx_word' id='word_1_212' title='bbox 798 3092 838 3153; x_wconf 88' lang='lat' dir='ltr'>sit</span> <span class='ocrx_word' id='word_1_213' title='bbox 848 3092 1021 3165; x_wconf 85' lang='lat' dir='ltr'>honestum,</span> 
     </span>
     <span class='ocr_line' id='line_1_34' title="bbox 63 3177 783 3259; baseline -0.01 -16"><span class='ocrx_word' id='word_1_214' title='bbox 63 3188 87 3244; x_wconf 85' lang='lat' dir='ltr'>lc</span> <span class='ocrx_word' id='word_1_215' title='bbox 130 3185 165 3245; x_wconf 86' lang='lat' dir='ltr'>Et</span> <span class='ocrx_word' id='word_1_216' title='bbox 180 3201 248 3248; x_wconf 90' lang='lat' dir='ltr'>cum</span> <span class='ocrx_word' id='word_1_217' title='bbox 262 3186 386 3246; x_wconf 74' lang='lat' dir='ltr'>fortuna</span> <span class='ocrx_word' id='word_1_218' title='bbox 400 3191 521 3259; x_wconf 84' lang='lat' dir='ltr'>statque</span> <span class='ocrx_word' id='word_1_219' title='bbox 536 3180 679 3256; x_wconf 86' lang='lat' dir='ltr'>ceditque</span> <span class='ocrx_word' id='word_1_220' title='bbox 693 3177 783 3238; x_wconf 87' lang='lat' dir='ltr'>fides.</span> 
     </span>
     <span class='ocr_line' id='line_1_35' title="bbox 96 3263 835 3337; baseline -0.009 -11"><span class='ocrx_word' id='word_1_221' title='bbox 96 3267 150 3330; x_wconf 89' lang='lat' dir='ltr'>Nec</span> <span class='ocrx_word' id='word_1_222' title='bbox 165 3270 254 3330; x_wconf 81' lang='lat' dir='ltr'>facile</span> <span class='ocrx_word' id='word_1_223' title='bbox 274 3269 414 3330; x_wconf 79' lang='lat' dir='ltr'>invenies</span> <span class='ocrx_word' id='word_1_224' title='bbox 429 3266 531 3328; x_wconf 89' lang='lat' dir='ltr'>multis</span> <span class='ocrx_word' id='word_1_225' title='bbox 546 3264 575 3325; x_wconf 93' lang='lat' dir='ltr'>in</span> <span class='ocrx_word' id='word_1_226' title='bbox 596 3263 717 3325; x_wconf 86' lang='lat' dir='ltr'>mitibus</span> <span class='ocrx_word' id='word_1_227' title='bbox 732 3276 835 3337; x_wconf 89' lang='lat' dir='ltr'>unum,</span> 
     </span>
    </p>
   </div>
   <div class='ocr_carea' id='block_1_6' title="bbox 96 3347 873 3597">
    <p class='ocr_par' dir='ltr' id='par_1_6' title="bbox 96 3347 873 3597">
     <span class='ocr_line' id='line_1_36' title="bbox 130 3347 764 3430; baseline -0.009 -18"><span class='ocrx_word' id='word_1_228' title='bbox 130 3354 277 3415; x_wconf 82' lang='lat' dir='ltr'>Virtutem</span> <span class='ocrx_word' id='word_1_229' title='bbox 292 3353 422 3430; x_wconf 86' lang='lat' dir='ltr'>pretium</span> <span class='ocrx_word' id='word_1_230' title='bbox 443 3351 495 3426; x_wconf 86' lang='lat' dir='ltr'>qui</span> <span class='ocrx_word' id='word_1_231' title='bbox 514 3356 600 3426; x_wconf 90' lang='lat' dir='ltr'>putet</span> <span class='ocrx_word' id='word_1_232' title='bbox 614 3363 686 3410; x_wconf 87' lang='lat' dir='ltr'>esse</span> <span class='ocrx_word' id='word_1_233' title='bbox 705 3347 764 3408; x_wconf 89' lang='lat' dir='ltr'>sui.</span> 
     </span>
     <span class='ocr_line' id='line_1_37' title="bbox 96 3430 793 3515; baseline -0.007 -21"><span class='ocrx_word' id='word_1_234' title='bbox 96 3435 161 3512; x_wconf 89' lang='lat' dir='ltr'>ipsc</span> <span class='ocrx_word' id='word_1_235' title='bbox 173 3439 286 3515; x_wconf 82' lang='lat' dir='ltr'>decor,</span> <span class='ocrx_word' id='word_1_236' title='bbox 301 3443 385 3498; x_wconf 86' lang='lat' dir='ltr'>recte</span> <span class='ocrx_word' id='word_1_237' title='bbox 399 3436 471 3497; x_wconf 84' lang='lat' dir='ltr'>iacti</span> <span class='ocrx_word' id='word_1_238' title='bbox 487 3435 513 3496; x_wconf 92' lang='lat' dir='ltr'>si</span> <span class='ocrx_word' id='word_1_239' title='bbox 530 3433 666 3510; x_wconf 81' lang='lat' dir='ltr'>praemia</span> <span class='ocrx_word' id='word_1_240' title='bbox 682 3430 793 3503; x_wconf 86' lang='lat' dir='ltr'>desint,</span> 
     </span>
     <span class='ocr_line' id='line_1_38' title="bbox 128 3512 873 3597; baseline -0.019 -16"><span class='ocrx_word' id='word_1_241' title='bbox 128 3519 192 3582; x_wconf 81' lang='lat' dir='ltr'>Non</span> <span class='ocrx_word' id='word_1_242' title='bbox 204 3528 324 3597; x_wconf 88' lang='lat' dir='ltr'>movet,</span> <span class='ocrx_word' id='word_1_243' title='bbox 341 3528 371 3582; x_wconf 90' lang='lat' dir='ltr'>et</span> <span class='ocrx_word' id='word_1_244' title='bbox 385 3521 480 3597; x_wconf 80' lang='lat' dir='ltr'>gratis</span> <span class='ocrx_word' id='word_1_245' title='bbox 496 3518 629 3596; x_wconf 80' lang='lat' dir='ltr'>paenitet</span> <span class='ocrx_word' id='word_1_246' title='bbox 646 3530 718 3576; x_wconf 89' lang='lat' dir='ltr'>esse</span> <span class='ocrx_word' id='word_1_247' title='bbox 733 3512 873 3589; x_wconf 86' lang='lat' dir='ltr'>probum.</span> 
     </span>
    </p>
   </div>
   <div class='ocr_carea' id='block_1_7' title="bbox 0 0 1202 3940">
    <p class='ocr_par' dir='ltr' id='par_1_7' title="bbox 0 0 1202 3940">
     <span class='ocr_line' id='line_1_39' title="bbox 0 0 1202 3940; baseline 0 4"><span class='ocrx_word' id='word_1_248' title='bbox 0 0 1202 3940; x_wconf 95' lang='lat' dir='ltr'> </span> 
     </span>
    </p>
   </div>
  </div>
 </body>
</html>
