2394 3940
363 205 391 280 1,
413 207 448 283 6,
471 209 568 291 1-7,
589 215 640 282 17.

100 342 213 408 carcere
227 347 369 415 dicuntur
383 358 479 420 clausi
494 380 621 440 sperare
636 376 773 453 salutem,

131 428 224 505 Atque
238 433 349 510 aliquis
363 442 503 516 pendens
518 449 548 508 in
567 467 657 516 cruce
671 467 742 522 vota
757 465 837 526 iacit.

100 509 170 570 Haec
183 513 239 574 dea
254 533 346 592 quam
360 527 472 588 multos
487 531 598 608 laqueo
614 555 672 600 sua
686 546 765 606 colla
779 548 900 625 ligantis

61 599 89 650 to
131 594 189 654 Non
203 605 249 659 est
263 608 425 680 proposita
438 627 533 686 passa
548 620 648 692 perire
662 637 753 688 nece!

98 675 139 734 Me
152 695 268 755 quoque
283 697 444 752 conantem
458 696 560 769 gladio
576 701 663 766 finire
677 709 814 775 dolorem

126 760 238 838 Arguit,
260 767 372 833 iniecta
386 779 593 858 continuitque
607 805 707 866 manu,

99 841 244 921 ‘Quid’quc
256 853 367 914 ‘facist
381 858 513 924 lacrimis
523 882 602 942 opus
610 879 665 947 est,
677 891 738 936 non
746 884 906 958 sanguine'
919 889 994 953 dixit

127 925 216 1004 Saepe
230 949 287 1007 per
300 937 357 998 has
371 939 453 1004 flecti
469 947 614 1027 principis
629 955 675 1017 ira
690 963 791 1023 solet’

57 1013 84 1066 45
96 1007 220 1080 Quamvis
234 1025 282 1079 cst
295 1019 386 1095 igitur
399 1029 513 1090 meritis
528 1032 663 1100 indebita
677 1047 799 1123 nostris,

124 1092 223 1170 Magna
236 1105 337 1164 tamen
352 1123 426 1182 spes
442 1114 534 1175 estin
550 1118 685 1186 bonitate
701 1128 760 1188 dei.

93 1173 136 1252 Qui
150 1197 184 1242 ne
197 1181 329 1251 diiiiciiis
345 1191 416 1252 mihi
431 1195 478 1271 sit,
501 1198 658 1282 Graeciae,
681 1227 817 1290 precare,

122 1265 221 1330 Confer
234 1280 264 1334 et
279 1275 309 1334 in
324 1281 427 1339 votum
442 1286 475 1340 tu
490 1300 614 1362 quoque
629 1294 723 1355 verba
741 1313 850 1360 meum.

89 1347 169 1424 Inque
180 1353 336 1419 Tomitana
349 1357 466 1424 iaceam
480 1371 643 1435 tumulatus
660 1393 761 1454 arena,

55 1437 79 1488 to
121 1431 147 1492 Si
162 1441 189 1495 te
202 1455 263 1499 non
279 1444 368 1504 nobis
383 1446 443 1508 ista
458 1467 572 1514 vovere
587 1457 690 1532 tiquet.

87 1513 146 1576 Nam
159 1520 239 1594 prius
254 1525 401 1603 incipient
414 1538 512 1595 turres
531 1538 627 1601 vitare
643 1545 812 1624 columbae,

116 1602 200 1667 Antra
213 1607 306 1684 ierac,
328 1616 465 1688 pecudes
480 1622 624 1700 gramina,
644 1644 765 1705 mergus
780 1650 887 1711 aquas,

86 1679 253 1752 Quamnam
268 1709 303 1753 se
317 1705 454 1771 praestet
469 1705 562 1764 veteri
579 1707 745 1775 Graecinus
760 1720 868 1781 amico.

28 1813 30 1828 ‚
115 1765 170 1828 Non
183 1771 224 1831 ita
238 1784 309 1837 sunt
322 1779 391 1840 iatis
406 1787 507 1845 omnia
522 1803 612 1850 versa
626 1795 712 1855 meis.

49 1939 75 2034 ἶ.
114 1983 413 2058 uussnnnruo.

85 2061 250 2180 Littera'pro
265 2111 367 2172 verbis
384 2116 444 2192 tibi,
467 2119 650 2200 Messalina
673 2133 800 2193 salutem

110 2183 191 2257 Quam
205 2191 292 2267 legis,
315 2201 450 2262 asaevis
465 2208 561 2268 attulit
575 2226 673 2286 usque
689 2213 781 2276 Getis.

80 2263 171 2331 indicat
188 2281 344 2338 auctorem
358 2283 468 2346 locust
489 2304 536 2365 an,
559 2293 617 2353 nisi
632 2298 754 2358 nomine
768 2300 855 2378 tecto,

108 2349 178 2414 Haec
191 2373 241 2419 me
254 2361 408 2427 Nasonem
423 2372 667 2438 scribereverba
680 2382 772 2441 latet?

62 2430 168 2509 aucuns
181 2441 210 2500 in
228 2451 365 2509 extremo
380 2453 500 2526 positus
515 2457 595 2520 iacet
612 2461 685 2522 orbe
700 2471 828 2541 tuorum,

105 2517 145 2579 Me
156 2530 255 2586 tamen
270 2542 409 2611 excepta
429 2539 481 2613 qui
497 2556 607 2616 precor
621 2561 692 2606 csse
706 2555 797 2608 tuust

76 2597 101 2658 iii
113 2609 207 2676 procui
221 2627 241 2670 a
257 2617 383 2690 cunctis,
409 2622 460 2695 qui
476 2629 505 2682 te
520 2637 704 2692 venerantur
717 2640 888 2711 amantque,

28 2751 29 2760 χ
102 2685 185 2751 Huius
200 2696 337 2758 notitiam
352 2705 450 2776 gentis
467 2705 581 2769 habere
594 2713 697 2774 veiint.

28 2761 29 2824 3
76 2765 119 2829 Nos
132 2776 200 2837 satis
216 2787 265 2841 est
278 2782 357 2843 inter
370 2787 499 2860 glaciem
515 2791 740 2874 Scythicasque
754 2802 880 2876 sagittas

28 2859 30 2920 ξ
49 2851 68 2903 1⁰
102 2853 211 2920 Viverc.
247 2863 274 2924 si
288 2866 353 2927 vita
367 2877 415 2930 est
429 2875 535 2936 mortis
549 2877 692 2942 habenda
705 2897 813 2958 genus.

28 2927 29 2944 ³
73 2930 116 2996 iios
127 2953 241 3015 premat
255 2955 306 3009 aut
318 2950 399 3013 bello
416 2957 515 3032 tellus,
535 2969 588 3022 aut
602 2964 715 3039 frigore
730 2968 858 3044 caelum,

99 3021 226 3100 Truxquc
242 3028 335 3094 Getes
350 3040 452 3116 armis,
474 3045 622 3116 grandine
636 3057 751 3124 pugnet
764 3051 879 3114 hiems:

72 3097 114 3163 Nos
127 3107 233 3172 habeat
246 3116 332 3190 regio
347 3135 404 3182 nec
418 3139 511 3199 pomo
527 3128 588 3188 ieta
602 3146 659 3191 nec
673 3132 752 3209 uvis,

96 3187 125 3249 Et
137 3195 221 3256 cuius
239 3200 355 3261 nulium
371 3217 473 3269 cesset
487 3211 526 3271 ab
540 3211 629 3274 hoste
644 3217 733 3279 latus.

48 3267 63 3319 ¹5
71 3266 150 3336 Cetera
164 3280 202 3339 sit
216 3299 330 3360 sospes
346 3291 494 3354 cultorum
507 3295 595 3356 turba
608 3307 737 3378 tuorum,

91 3354 116 3416 In
131 3363 249 3440 quibus,
272 3376 307 3428 ut
320 3376 447 3450 populo,
470 3395 544 3452 pars
559 3396 617 3455 ego
634 3400 731 3459 parva
745 3384 796 3446 iui.

68 3432 100 3496 Mt
110 3445 257 3523 miserum,
276 3453 351 3516 situ
367 3459 468 3520 verbis
485 3461 650 3527 offenderis
665 3467 741 3544 istis,
