2492 3926
577 235 833 297 FASTORUM

570 435 619 500 17.
648 437 833 498 nitere

271 557 373 618 Tertia
386 564 459 633 post
472 557 544 616 ldus
559 556 612 615 lux
627 562 674 615 est
688 553 885 614 celeberrima
898 553 1030 624 Baccho.

311 640 448 714 Bacche,
466 640 535 701 lave
551 638 628 714 vati,
645 639 716 698 dum
732 645 783 698 tua
798 636 876 696 leste
892 652 978 698 cano.

209 735 261 791 'llo
277 724 339 784 Nec
357 724 487 784 referam
501 721 653 783 Semelen.
682 722 723 780 ad
738 737 829 797 quam
843 720 902 781 nisi
917 721 1043 783 fulmina
1058 739 1159 784 seeum

315 808 453 884 luppiter
469 807 617 881 adferret,
634 820 748 882 parvus
763 804 886 864 inermis
905 820 990 865 eras:

275 891 352 968 Nec,
371 907 448 967 puer
463 899 496 951 ut
509 905 622 966 posses
638 896 754 950 maturo
770 895 907 963 tempore
924 891 1019 961 nasci,

314 976 476 1050 Expletum
491 975 588 1050 patrio
604 988 733 1048 corpore
747 970 852 1032 matris
868 988 955 1048 opus.

275 1058 419 1120 Sithonas
434 1066 464 1119 et
478 1057 642 1134 Scythicos
657 1057 780 1131 longum
795 1061 844 1116 est
857 1071 981 1117 narrare
995 1057 1168 1134 triumphos,

211 1150 263 1204 720
317 1142 355 1203 Et
368 1143 499 1203 domitus
515 1149 637 1216 gentes,
654 1140 759 1201 turiler
773 1139 863 1214 Inde,
879 1146 956 1201 toas.

273 1226 318 1287 Tu
334 1240 459 1302 quoque
471 1224 635 1285 Thebanae
649 1225 729 1285 mala
743 1224 859 1300 praeda
873 1225 1013 1285 tacebere
1028 1224 1140 1297 matris,

313 1311 410 1383 Inque
423 1316 507 1370 tuum
523 1308 609 1368 iuriis
624 1314 706 1380 acte,
722 1308 878 1385 Lycurge,
894 1325 984 1384 genu.

271 1393 354 1454 Ecce
368 1392 442 1454 libet
456 1391 574 1454 subitos
591 1393 693 1470 pisces
707 1392 927 1470 Tyrrhenaque
943 1402 1082 1454 monstra
1171 1463 1183 1472 ῃ

313 1476 431 1540 Dicere.
462 1478 518 1539 sed
533 1493 594 1538 non
609 1483 657 1538 est
671 1475 813 1538 carminis
827 1475 919 1538 huius
934 1493 1023 1554 opus.

210 1573 260 1628 725
277 1561 423 1622 carminis
439 1562 528 1623 huius
544 1578 622 1637 opus
639 1577 750 1624 causas
764 1575 961 1636 expromere,
978 1577 1076 1638 quare

314 1645 393 1706 Vilis
408 1661 485 1706 anus
502 1647 634 1722 populos
650 1647 691 1707 ad
702 1661 760 1706 sua
774 1644 836 1706 liba
851 1653 950 1706 vocet.

273 1732 354 1790 Ante
369 1735 438 1791 tuos
453 1735 537 1791 ortus
553 1745 625 1790 arae
639 1729 706 1790 sine
720 1729 839 1789 honore
854 1730 985 1805 luerunt,

315 1813 420 1886 Liber,
436 1815 511 1874 etin
525 1813 635 1888 gelidis
650 1813 746 1874 herba
759 1820 882 1890 reperta
896 1814 983 1875 locis.

272 1897 315 1958 Te
329 1905 498 1958 memorant
513 1896 618 1973 Gange
631 1904 759 1973 totoque
774 1897 891 1959 oriente
906 1897 1032 1959 subacto

207 1998 260 2054 730
315 1981 465 2043 Primitias
480 1997 591 2057 magno
607 1981 789 2058 seposuisse
802 1982 878 2042 lovi.

275 2065 421 2125 cinnama
435 2073 467 2125 ιιι
483 2067 597 2140 primus
613 2066 796 2142 captivaque
810 2071 878 2127 tura
892 2063 1012 2135 dedisti,

313 2149 420 2224 Deque
438 2148 619 2223 triumphato
636 2151 756 2210 viscera
769 2156 851 2209 tosta
863 2149 954 2209 bove.

272 2231 400 2294 Nomine
418 2230 456 2291 ab
472 2227 606 2294 auctoris
622 2233 737 2294 ducunt
751 2233 894 2294 libamina
908 2249 1018 2294 nomen

312 2315 465 2390 Libaque,
481 2316 566 2392 quod
582 2317 678 2378 sacris
694 2333 767 2394 pars
782 2318 870 2378 datur
884 2317 955 2377 inde
970 2317 1059 2377 locis.
1177 2336 1181 2342 ·

210 2409 260 2466 735
275 2398 351 2459 Liba
365 2400 424 2462 deo
439 2399 528 2476 fiunt,
544 2401 628 2462 sucis
645 2401 717 2477 quia
732 2401 872 2462 dulcibus
884 2401 966 2461 idem

317 2483 450 2558 Gaudet,
467 2490 497 2545 et
511 2500 530 2545 a
542 2484 665 2547 Baccho
682 2486 772 2545 mella
785 2491 908 2562 reperta
922 2487 1030 2545 lerunt.

273 2566 339 2627 lbet
355 2567 508 2629 harenoso
526 2569 639 2645 satyris
655 2570 815 2632 comitatus
830 2569 869 2630 ab
883 2568 1017 2642 llebr0,..

315 2650 382 2710 Non
397 2651 488 2712 habet
503 2651 638 2726 ingratos
655 2653 756 2714 fabula
771 2660 876 2715 nostra
890 2653 1009 2714 iocos...

273 2733 399 2808 lamque
416 2741 480 2793 eret
490 2735 530 2793 ad
541 2733 714 2811 Rhodopen
725 2735 929 2813 Pangaeaque
940 2735 1054 2798 florida
1069 2745 1197 2798 ventum.

205 2832 260 2887 740
315 2815 473 2876 Aerilerae
488 2817 631 2878 comitum
646 2835 854 2896 concrepuere
872 2837 989 2882 manns.

272 2899 354 2960 Ecce
373 2915 472 2962 novae
487 2909 598 2962 coeunt
614 2904 755 2964 volucres
769 2905 925 2966 tinnitibus
940 2912 1037 2980 actae,

316 2983 463 3059 Quosque
476 2993 604 3047 movent
617 2989 736 3048 sonitus
751 3003 839 3063 aera,
859 2996 1030 3064 sequuntur
1049 3005 1138 3064 apes.

274 3066 394 3144 colligit
407 3077 543 3131 errantes
558 3069 633 3131 etin
647 3070 758 3132 arbore
773 3071 887 3133 claudit
901 3071 982 3132 inani

312 3150 416 3226 Liber,
432 3159 464 3214 ct
477 3153 592 3215 inventi
610 3155 746 3229 praemia
759 3155 859 3216 mellis
875 3153 975 3215 habet.

206 3246 260 3302 745
276 3235 313 3296 Ut
330 3236 423 3313 satyri
439 3237 578 3312 levisque
593 3253 690 3299 senex
706 3239 831 3314 tetigere
846 3254 999 3314 saporem,

315 3319 506 3394 Quaerebant
519 3319 619 3382 ssavos
635 3337 691 3397 per
705 3337 812 3383 nemus
828 3337 918 3383 omne
932 3323 1032 3382 favos.

276 3403 372 3464 Audit
386 3404 415 3464 in
430 3419 526 3465 exesa
540 3404 703 3466 stridorem
720 3407 868 3466 examinis
888 3407 979 3478 ulmo,

315 3488 436 3563 Aspicit
450 3496 480 3548 et
495 3503 583 3549 ceras
600 3488 832 3567 dissimulatque
847 3503 958 3550 senex:
