2394 3940
360 275 409 348 tlt,
434 277 462 350 2,
486 279 601 344 6-81.

100 433 175 506 Quos
193 430 302 506 procul
317 446 335 490 a
350 429 440 490 vobis
454 432 577 493 ultimus
593 435 676 494 orbis
691 434 791 496 habet.

34 523 58 577 tt
67 519 111 576 Est
123 518 204 577 loeus
219 515 250 574 in
267 513 424 590 Scythia..
438 516 557 577 Tauros
572 517 678 578 dixere
693 520 844 594 priores...

105 599 153 675 Qui
169 599 272 660 Getica
290 598 380 674 longe
395 614 456 659 non
472 599 513 660 ita
530 601 621 662 distat
636 602 738 663 hunno.

68 687 122 744 Hae
136 699 190 759 ego
205 699 273 743 sum
288 691 399 743 terra...
417 684 532 757 patriae
547 701 605 745 nee
619 687 781 762 paenitet...
799 694 898 748 ortus:

102 769 272 828 consortem
286 767 402 827 Phoebi
417 782 500 842 gens,
512 769 584 829 aotit
601 770 652 830 illa
667 771 764 830 deam.

68 852 176 927 Tenrpla
188 859 313 912 manent
325 851 418 912 hodie
431 853 529 912 vastis
544 853 648 914 innixa
664 853 822 927 ooiurnnis‚

35 943 58 994 tt
99 937 207 1010 Perque
223 943 331 1012 quater
345 937 446 996 denos
458 935 518 996 itur
531 937 561 996 in
577 938 629 997 illa
643 939 766 1013 gradus.
837 961 844 970 ·

66 1019 142 1080 iana
155 1020 245 1080 resert
262 1020 323 1080 iiiia
339 1020 459 1094 signum
475 1021 608 1082 oaeteste
623 1023 735 1082 fuisse:

98 1104 216 1182 Quoque
230 1104 331 1164 rninus
348 1103 478 1177 dubites,
502 1111 562 1165 stat
575 1107 660 1166 basis
678 1107 753 1167 orba
767 1107 841 1167 dea·

66 1187 180 1263 Araque,
201 1204 280 1264 quae
294 1189 392 1249 iuerat
406 1195 512 1249 natura
528 1190 661 1252 eandida
677 1191 752 1264 saxi,

95 1273 218 1334 Decolor
231 1273 344 1334 adiuso
357 1273 452 1333 tincta
467 1289 574 1334 eruore
590 1276 687 1335 rubet.

38 1365 59 1414 tt
68 1353 172 1417 Femina
186 1372 276 1418 saara
295 1357 367 1417 iacit
381 1357 490 1417 taedae
505 1375 565 1420 non
582 1367 653 1420 nota
668 1359 767 1436 iugali,

99 1441 173 1513 Quae
187 1448 313 1516 superat
328 1439 491 1518 Scythicas
507 1442 661 1504 nobilitato
677 1461 779 1505 nurus.

69 1521 184 1585 Saorifiei
198 1541 296 1600 genus
312 1533 389 1598 est..
409 1527 454 1585 sie
470 1527 627 1588 instituere
641 1528 791 1604 priores...

98 1609 218 1669 Aduena
236 1610 372 1685 virgineo
389 1625 499 1671 caesus
514 1617 547 1672 ut
561 1627 637 1671 ense
653 1613 751 1673 eadat.

68 1691 154 1767 Regna
166 1694 290 1754 Thoans
307 1693 413 1754 habuit
426 1695 580 1756 Maeotide
597 1697 697 1755 clarus
714 1697 742 1754 in
760 1710 814 1756 ora

38 1774 58 1828 it
97 1777 149 1837 Neo
163 1779 217 1839 tuit
229 1779 359 1839 Euxinis
375 1778 475 1840 notior
488 1781 564 1841 atter
579 1780 677 1853 aquis.

70 1858 175 1936 Sceptra
189 1870 310 1923 tenente
327 1863 377 1924 ilto
395 1862 527 1938 liquidas
546 1864 658 1924 secisse
673 1879 729 1940 per
743 1879 832 1924 auras

98 1945 195 2008 Nescio
214 1962 305 2022 quant
321 1947 427 2008 dieunt
440 1947 616 2022 Iphigenian
633 1948 697 2007 iter.

69 2026 143 2098 Quen
156 2030 274 2091 levibus
290 2031 389 2092 ventis
405 2032 462 2092 sub
480 2031 561 2093 nube
576 2047 632 2108 per
647 2035 719 2091 aera
733 2039 851 2093 ventam

101 2112 225 2176 Creditur
238 2113 288 2174 his
302 2115 426 2176 Phoebe
441 2117 626 2192 deposuisse
641 2116 728 2179 loeis.

37 2193 219 2259 inritauerat
234 2200 349 2274 templo
365 2201 478 2261 multos
493 2217 531 2260 ea
545 2203 600 2260 rite
617 2217 673 2276 per
688 2217 795 2276 annos.

98 2280 183 2342 Invita
198 2299 351 2358 peragens
366 2284 463 2344 tristia
477 2300 566 2344 saera
580 2302 687 2345 manu:

68 2359 123 2421 Cum
136 2365 194 2425 duo
210 2367 338 2426 velifera
353 2368 480 2428 iuvenes
494 2385 607 2429 venere
624 2369 735 2441 carina,

96 2445 325 2526 presseruntque
342 2467 398 2512 suo
415 2452 622 2524 titoranostra
637 2453 726 2528 pede.
749 2475 750 2478 ¹

66 2525 108 2587 Par
119 2533 169 2592 tuit
182 2534 231 2594 his
246 2542 332 2596 aetas
348 2543 378 2596 et
392 2553 486 2598 amor.
517 2554 646 2613 quorum
666 2538 741 2597 atter
758 2536 892 2612 Oresten

34 2611 54 2668 to
91 2616 164 2676 Atter
178 2627 243 2680 erat
260 2620 404 2696 Pylades.
438 2621 564 2681 nomina
579 2623 658 2683 fama
672 2628 762 2680 tenet.

64 2693 180 2763 Protinus
196 2704 329 2764 inmitem
345 2705 463 2765 Triviae
479 2707 630 2766 ducuntur
646 2706 685 2766 ad
704 2721 796 2781 arent,

91 2781 197 2846 Erinati
213 2788 352 2863 geminas
369 2789 408 2848 ad
424 2805 481 2850 sua
496 2797 581 2866 terga
595 2805 713 2850 manus.

60 2861 161 2942 Spargit
175 2887 257 2947 aqua
275 2881 384 2948 oaptos
400 2873 517 2934 lustrati
533 2874 624 2934 Graia
640 2876 797 2949 sacerdos,

90 2952 200 3014 Arabiat
214 2962 247 3016 ut
264 2958 363 3017 fulvas
379 2958 473 3018 intuta
487 2960 580 3033 longa
596 2974 710 3020 eomas.

31 3027 180 3110 taliumque
194 3048 283 3114 porat
299 3057 430 3116 sacrum,
453 3043 525 3102 dum
540 3043 622 3101 velat
637 3049 776 3118 tempora
794 3043 883 3118 vittis

90 3116 158 3180 Dum
172 3124 279 3184 tardae
298 3141 408 3186 causas
428 3126 544 3187 invenit
557 3125 626 3202 ipsa
641 3141 753 3198 morae,

62 3199 132 3262 “Non
148 3221 203 3282 ego
220 3209 364 3285 erudelis,
383 3210 520 3271 invenes.
540 3211 736 3286 ignoscitet”
752 3211 839 3280 dixit„

90 3285 200 3351 “Saena
214 3307 273 3353 suo
290 3293 369 3355 facio
386 3293 564 3371 barbariora
580 3296 648 3356 loeo

60 3362 128 3430 Ritus
142 3373 166 3432 is
182 3383 229 3437 est
243 3378 352 3452 gentis.
386 3379 451 3450 Qua
466 3393 521 3438 vos
537 3387 636 3440 tamen
652 3378 728 3439 urbe
742 3377 873 3436 venitis?

26 3444 53 3536 ¹⁵⁰
69 3487 74 3497 ·
94 3451 189 3524 Quove
205 3477 311 3534 parurn
327 3461 428 3522 inusta
443 3478 548 3538 puppe
562 3464 681 3538 petistis
697 3463 802 3522 itert’'

35 3529 144 3680 obmittit
163 3551 192 3604 et
206 3545 309 3605 andito
327 3546 442 3620 patriae
460 3546 511 3620 pia
525 3547 648 3607 nornine
662 3548 748 3619 virgo

54 3629 88 3673 to.
146 3668 152 3682 ,
734 3638 766 3688 lt
