2372 3928
401 242 443 317 ll,
463 240 641 306 lla-544.
968 243 1029 308 235

112 395 209 468 Iussit,
226 401 257 455 et
271 395 301 454 in
315 401 421 454 tenues
437 395 534 456 oeulis
545 397 669 457 evanui
681 411 782 458 auras.

54 489 99 542 510
149 479 303 540 Convocat
316 478 366 537 llio
381 478 528 554 populos,
545 480 691 555 iussaque
705 479 799 541 verba
809 481 911 540 refert.

110 562 228 639 Templa
242 562 303 624 deo
317 562 400 622 liunt.
429 562 515 623 collis
532 579 655 639 quoque
671 563 769 624 dictus
785 562 823 622 ab
839 563 889 623 illo
905 569 961 634 est,

146 646 181 706 Et
194 647 330 708 referunt
343 645 416 706 certi
431 659 521 706 saura
537 653 662 721 patema
676 647 752 707 dies.

110 731 170 790 Lux
187 745 313 805 quoque
329 743 384 789 our
397 728 506 790 eadem
520 727 687 790 Stultorum
701 731 780 791 leste
793 736 929 801 vocetur,

142 814 265 889 Accipe.
296 827 391 888 parva
407 812 530 886 quidem
544 827 654 887 causa,
670 815 726 874 sed
741 819 812 890 apta
827 812 943 873 subest.

55 901 98 958 515
111 895 171 957 Non
190 895 296 958 habuit
310 895 419 955 doctos
433 896 522 956 tellus
538 897 663 971 unuqua
679 899 822 958 oolonos=

146 978 317 1041 Lassabant
329 979 425 1054 agiles
440 993 551 1056 aspera
565 978 645 1040 bella
659 981 753 1042 viros.

108 1063 174 1125 Plus
190 1070 255 1124 erat
267 1063 297 1122 ln
312 1063 429 1138 gladio,
445 1079 537 1138 quam
553 1079 647 1125 curvo
662 1065 761 1126 laudis
779 1069 894 1124 aratro:

146 1146 305 1222 Negleotus
321 1147 446 1207 dornino
460 1161 559 1223 pauoa
572 1148 689 1209 ferebat
703 1163 785 1224 ager.

107 1231 196 1292 Farra
210 1236 311 1290 tannen
324 1237 445 1290 veteres
459 1230 622 1303 iaciebant,
639 1232 720 1293 iarra
734 1230 895 1300 metebant,

57 1322 98 1376 520
144 1312 292 1374 Primitiae
308 1314 409 1374 Cereri
425 1314 505 1372 iarra
519 1321 639 1375 resecta
654 1315 775 1376 dabant.

107 1397 217 1460 Usibus
234 1397 379 1457 admoniti
396 1397 525 1458 flaminis
540 1399 684 1458 torrenda
699 1401 855 1470 dederunt

144 1482 300 1556 Multaque
315 1487 441 1556 peccato
457 1481 568 1540 damna
581 1482 677 1541 tulere
692 1498 760 1542 suo.
875 1547 877 1551 ,

106 1566 177 1626 Nam
191 1564 284 1626 modo
299 1563 459 1624 verrebant
475 1564 577 1640 nigras
594 1580 649 1640 pro
665 1565 744 1626 iarre
760 1563 888 1637 favillas,

140 1650 226 1710 Nuno
241 1648 327 1723 ipsas
342 1648 428 1722 ignes
444 1649 618 1724 corripuere
633 1663 732 1710 casas.

55 1746 96 1799 att
107 1733 195 1794 Facta
209 1731 269 1792 dea
284 1739 330 1792 est
343 1731 473 1791 Fornax.
501 1733 570 1791 laeti
584 1733 721 1792 Fornace
737 1730 836 1793 coloni

145 1816 251 1891 Orant,
267 1825 300 1876 ut
317 1817 419 1890 fruges
436 1821 583 1890 temperet
596 1817 648 1875 illa
662 1831 745 1876 suas.

109 1902 192 1963 Curio
208 1900 349 1976 legitimis
364 1913 444 1959 nuno
458 1898 639 1960 Fomaoalia
653 1899 754 1960 verbis

144 1985 294 2044 Maximus
310 1983 428 2055 indicit,
444 1997 501 2042 neo
516 1989 595 2043 slata
609 1998 698 2042 saona
712 1983 796 2042 lauit:

108 2070 201 2143 loque
218 2069 302 2141 loro,
318 2068 411 2127 multo
426 2066 707 2141 circumpendentia
721 2067 840 2138 tabella,

59 2157 98 2212 sto
148 2151 291 2227 signatur
306 2157 388 2210 oerla
403 2150 486 2209 ouria
500 2163 642 2225 quaeque
656 2157 737 2211 nota.

109 2235 264 2312 stultaque
280 2231 352 2309 pars
369 2234 488 2308 populi,
505 2249 584 2308 quae
598 2233 638 2293 sil
652 2249 709 2292 sua
724 2232 821 2303 ouria,
838 2231 942 2304 nesoil,

147 2319 210 2380 Sed
225 2316 297 2378 laoit
311 2323 447 2376 extrema
462 2329 550 2376 saera
564 2317 660 2376 relata
674 2317 734 2376 die.
795 2316 802 2340 ⁸

90 2450 135 2513 aa.
161 2452 226 2514 ao
269 2450 319 2514 19.
346 2449 408 2510 ao
451 2449 502 2512 ao.
531 2449 589 2509 co
632 2447 683 2510 21.
711 2445 959 2508 uruntur
1036 2523 1041 2534 ¹

106 2568 158 2628 Est
171 2567 271 2629 honor
284 2573 315 2626 et
329 2567 466 2639 tumulis,
483 2567 598 2625 animas
615 2566 737 2640 placare
752 2570 901 2640 paternas,

146 2651 304 2728 Parvaque
319 2651 348 2710 in
364 2657 518 2710 axuuotas
533 2663 658 2708 rnunera
672 2647 752 2707 ierne
767 2662 871 2726 pyras.

55 2743 95 2798 tlt
107 2735 203 2796 Parva
217 2741 323 2811 petunt
336 2749 451 2796 manes.
483 2733 579 2809 pietas
595 2748 650 2807 pro
665 2732 760 2792 divite
774 2739 859 2806 grata
873 2736 920 2791 est

144 2815 281 2880 Munere.
311 2833 371 2878 non
388 2818 496 2878 avidos
513 2816 591 2893 Styx
604 2815 696 2875 habet
709 2815 769 2874 ima
785 2815 871 2875 deos.

8 2959 9 2962 ,
104 2901 216 2978 Tegula
233 2903 381 2978 porrectis
398 2902 471 2962 satis
487 2907 534 2960 est
547 2900 648 2958 velata
662 2897 794 2968 aaronis,

142 2986 179 3046 tlt
193 3001 323 3062 sparsae
339 2987 457 3061 fruges,
474 2997 629 3060 paruaque
644 2979 722 3040 lnioa
737 2983 821 3053 sallo,

7 3143 8 3148 ἵ
105 3068 200 3144 Inque
213 3085 299 3130 mero
314 3069 428 3130 mollita
444 3081 543 3138 ceres,
560 3067 723 3140 violaeque
737 3068 870 3126 solutae=

7 3161 8 3198 t
51 3159 95 3215 lli
146 3152 229 3214 Haeo
244 3152 357 3213 habeat
370 3153 471 3212 media
486 3157 564 3210 testa
578 3149 683 3210 aeliota
698 3149 757 3209 via.

7 3203 9 3304 i
72 3289 80 3304 ,
104 3233 166 3295 Nee
181 3237 298 3297 maiora
315 3244 395 3296 velo.
427 3233 483 3295 sed
499 3241 529 3293 el
543 3234 590 3293 his
607 3232 765 3308 placabilis
780 3231 888 3292 umbra
901 3235 959 3288 est.

7 3311 9 3320 ’
144 3320 235 3381 Adde
251 3335 359 3395 preces
374 3317 483 3395 positis
498 3325 529 3378 et
543 3331 600 3377 sua
614 3316 708 3375 verba
723 3317 809 3376 loeis.

103 3401 191 3463 liano
206 3403 474 3475 morem-Aeneas,
491 3401 611 3476 pietatis
627 3399 756 3460 idoneas
772 3403 885 3463 auotcr,

146 3487 253 3548 Attulit
266 3487 296 3546 in
311 3492 423 3561 terras,
442 3485 520 3546 iuste
534 3483 654 3555 Latine,
672 3490 749 3542 luas.
