2450 3932
178 219 223 283 ³2
260 265 261 268 ,
575 219 802 282 TRISTIUM

301 373 426 449 Eubius,
449 373 585 450 impurae
600 371 740 432 conditor
753 371 909 446 historiae,

260 457 323 517 ltec
338 458 390 533 qui
406 458 580 532 composuit
594 472 692 532 nuper
706 454 900 534 Sybaritida,
916 456 1000 532 lugia,

301 541 364 601 Nec
380 541 433 616 qui
448 539 627 603 concubitus
642 555 704 599 non
724 546 847 600 tacuere
862 555 949 600 suos.

262 623 399 701 Suntque
413 641 451 685 ea
466 626 625 685 doctorum
640 623 843 684 monumentis
858 623 952 684 mixta
965 625 1118 698 virorum,

197 716 250 772 400
304 708 545 782 Muneribusque
560 709 673 768 ducum
692 705 815 782 publica
830 709 909 768 lacta
924 713 1038 784 patent.

259 792 344 852 Neve
358 792 528 868 peregrinis
544 799 657 852 tantum
677 791 827 852 defendar
844 791 882 852 ab
897 793 1005 852 armis:

300 877 339 936 Et
352 877 510 937 Romanus
524 875 617 936 babet
630 877 725 935 multa
745 875 853 948 iocosa
866 875 960 938 liber..

260 961 361 1034 thue
375 974 433 1020 suo
447 960 575 1020 Martem
589 959 699 1020 cecinit
713 961 816 1035 gravis
830 960 946 1020 Ennius
962 975 1025 1034 ore,

300 1043 417 1104 Ennius
432 1044 554 1118 ingenio
569 1043 737 1117 maximus,
759 1052 821 1104 arte
834 1044 936 1104 radies

78 1208 87 1220 .
196 1142 248 1196 425
263 1127 404 1203 Explicat
415 1134 449 1189 ut
463 1142 576 1188 causas
593 1129 691 1205 rapidi
707 1127 863 1187 Lucretius
879 1127 966 1202 ignis,

306 1212 515 1287 casurumque
527 1211 638 1288 triplex
656 1211 834 1272 vaticinatur
848 1227 942 1287 opus=

262 1295 313 1356 Sic
328 1311 386 1357 sua
399 1297 517 1357 lascivo
533 1303 653 1357 cantata
668 1303 716 1355 est
730 1311 825 1371 saepe
841 1296 957 1362 Catullo

300 1379 440 1450 Femina,
462 1379 510 1439 cui
527 1380 638 1440 ialsum
651 1378 766 1440 Lesbia
779 1395 889 1439 nomen
905 1385 979 1438 erat.

260 1462 323 1522 Nec
338 1470 499 1524 contentus
514 1479 566 1537 ea,
582 1464 695 1524 multos
709 1463 846 1538 vulgavit
860 1477 991 1535 amores,

198 1552 250 1607 430
303 1546 336 1606 In
354 1545 464 1620 quibus
481 1547 549 1622 ipse
569 1563 658 1608 suum
673 1548 778 1608 fassus
793 1547 973 1608 adulterium
989 1553 1046 1606 est.

261 1629 319 1690 Par
335 1631 390 1690 luit
404 1630 507 1706 exigui
522 1630 693 1706 similisque
712 1630 835 1690 licentia
851 1630 944 1704 calvi,

303 1713 425 1776 Detexit
439 1714 532 1776 variis
548 1715 601 1790 qui
616 1731 673 1776 sua
689 1715 767 1774 turta
783 1715 893 1774 modis.

262 1799 340 1874 Quid
353 1800 483 1860 reseram
494 1799 633 1872 Ticidae,
650 1798 724 1872 quid
735 1798 855 1858 Memmi
869 1813 999 1873 cannen,
1014 1799 1102 1874 apud
1115 1816 1198 1878 quos

300 1883 405 1944 Rebus
419 1884 510 1944 adest
523 1899 634 1943 nomen
649 1882 885 1956 nominibusque
900 1881 1021 1956 pudore

198 1975 249 2030 405
265 1966 359 2027 cinna
370 1967 551 2041 quoquchis
560 1981 664 2028 comes
677 1973 732 2040 est,
745 1965 902 2040 Cinnaque
912 1965 1076 2042 procacior
1082 1967 1201 2040 Anser,

298 2051 336 2109 Et
349 2050 418 2110 leve
432 2050 572 2110 Cornifici
587 2067 705 2126 parque
721 2050 842 2112 Catonis
858 2066 952 2126 opus=

259 2134 299 2194 Et
313 2148 443 2208 quorum
457 2133 544 2194 tibris
559 2135 651 2194 modo
668 2133 1001 2196 dissimulata-Perillae

302 2217 445 2292 Nomine,
464 2233 545 2278 nunc
560 2217 670 2296 legitur
684 2219 778 2293 dicta,
796 2218 924 2292 Metelle,
947 2224 1010 2279 tuo.

260 2302 292 2364 ls
309 2315 449 2376 quoque,
465 2301 634 2363 Phasiacas
651 2304 736 2378 Argo
754 2301 806 2376 qui
823 2302 910 2363 duxit
923 2303 954 2362 in
968 2303 1082 2378 undas,

194 2391 247 2458 440
302 2385 369 2444 Non
387 2385 485 2460 potuit
502 2387 625 2448 veneris
642 2387 721 2448 turta
735 2393 838 2446 tacere
854 2401 939 2446 suae.

258 2470 321 2530 Nec
336 2469 438 2532 minus
453 2470 614 2544 Hortensi,
632 2485 690 2530 nec
710 2475 782 2530 sunt
797 2469 898 2530 minus
917 2469 1059 2546 improba
1077 2468 1174 2532 Servi

302 2553 451 2614 Carmina.
490 2553 565 2628 Quis
582 2554 700 2615 dubitet
713 2553 839 2615 nomina
854 2561 939 2614 tanta
953 2553 1066 2630 sequit

258 2638 358 2696 Vertit
373 2637 530 2698 Aristiden
547 2637 695 2710 Sisenna,
717 2653 775 2698 nee
789 2637 887 2698 obluit
903 2638 955 2711 illi,

300 2721 454 2782 Historiae
470 2727 576 2795 turpes
596 2721 769 2783 inseruisse
785 2721 888 2783 iocosc

192 2808 243 2862 445
257 2803 323 2864 Non
340 2803 395 2864 luit
411 2803 578 2879 opprobrio
593 2805 771 2866 celebrasse
786 2805 941 2884 Lycorida
956 2803 1053 2879 Gallo,

302 2887 363 2949 Sed
378 2889 512 2963 linguam
529 2889 621 2950 nimio
639 2905 700 2950 non
715 2890 855 2952 tenuisse
874 2905 969 2950 mero.

260 2972 391 3032 Credere
411 2972 519 3032 iuranti
535 2973 643 3034 durum
660 2980 746 3050 putat
762 2989 835 3035 esse
848 2973 995 3043 Tibullus,

303 3055 353 3117 Sic
368 3056 458 3118 etiarn
472 3056 513 3116 de
528 3073 563 3118 se
584 3059 669 3133 quod
683 3064 775 3133 neget
789 3057 841 3118 illa
853 3059 937 3118 viro=

258 3138 375 3200 Fallere
390 3141 549 3201 custodem
566 3142 687 3203 demum
704 3140 851 3202 docuisse
867 3141 985 3214 latetur,

192 3229 245 3284 450
303 3223 405 3299 Seque
422 3241 480 3285 sua
494 3225 639 3286 miserum
657 3241 740 3286 nunc
760 3225 802 3286 ait
816 3232 880 3285 arte
893 3225 1006 3300 premi:

260 3307 375 3382 Saepe,
397 3309 480 3369 velut
494 3323 645 3384 gemmam
666 3309 811 3370 dominae
826 3309 987 3384 signumve
1001 3303 1169 3384 probaret,

299 3391 358 3450 Per
377 3407 503 3454 causam
518 3393 655 3455 meminit
669 3409 705 3454 se
723 3393 864 3469 tetigisse
880 3405 1018 3452 manum=

259 3476 359 3551 thue
375 3476 483 3554 relert,
500 3475 603 3552 digitis
621 3493 717 3554 saepe
734 3485 782 3540 est
796 3483 930 3552 nutuque
944 3475 1076 3544 locutus,
