2372 3928
117 217 178 282 loe
497 211 752 275 rnsroallnt

201 367 323 430 Scilicet
337 383 356 427 a
369 365 491 428 tumulis
506 365 602 443 etqui
617 366 753 441 periero,
774 364 956 442 propinquis

134 462 186 518 oto
238 450 378 512 Protinus
396 449 437 509 ad
451 449 540 509 vivos
561 463 616 508 ora
632 450 746 508 referre
760 448 853 522 iuvat,

199 533 332 609 Postque
346 540 391 594 lot
407 531 538 593 amissos
555 531 702 608 quicquid
716 533 756 593 dc
771 532 919 606 sanguine
933 540 1052 608 reslal,

237 617 402 693 Aspicere,
417 622 447 678 et
459 615 583 692 generis
598 614 790 676 dinumerare
804 617 927 690 padus.

200 703 325 762 innocui
341 701 470 760 veniant.
501 700 608 776 procul
628 698 712 771 trine,
728 699 836 775 procul
850 699 960 774 impius
977 708 1060 762 esto

240 783 359 859 Frater,
375 791 405 844 et
423 783 454 842 in
471 791 576 859 partus
591 789 687 843 mater
705 784 914 853 acerbamus,

137 875 188 930 oto
204 867 256 928 cui
273 874 359 943 paler
373 874 421 929 est
434 867 542 943 vivax,
558 866 609 942 qui
624 866 728 927 rnalris
744 866 855 944 eligerit
869 881 977 940 annos,

243 950 326 1024 Quae
342 951 450 1027 premit
463 950 595 1011 invisam
614 965 724 1011 socrus
740 950 846 1026 iniqua
859 965 977 1012 nuum.

200 1035 377 1096 Tantalidae
390 1035 500 1095 nattes
516 1034 629 1107 absint,
645 1041 675 1094 et
688 1034 809 1096 Iasonis
824 1049 909 1103 uxor,

241 1119 278 1180 tta
292 1135 372 1196 quae
389 1117 530 1180 ruricolis
544 1118 662 1178 semina
675 1125 757 1179 tosta
772 1117 864 1190 dedit,

201 1201 238 1262 El
252 1217 342 1264 soror
357 1210 387 1264 et
400 1202 531 1275 Procne,
547 1201 724 1279 Tereusque
741 1200 860 1264 duabus
876 1199 1025 1275 iniquus,-

137 1301 189 1356 530
243 1286 280 1345 Et
296 1286 481 1362 quicumque
497 1301 570 1346 suas
586 1302 641 1362 per
655 1287 757 1347 scelus
772 1291 863 1360 auget
876 1298 963 1359 opes.

201 1369 254 1428 Dis
269 1369 390 1444 generis
405 1369 475 1430 dale
490 1377 556 1429 lura
570 1370 651 1430 boni.
681 1369 851 1431 Concordia
867 1367 960 1430 lentur

243 1453 297 1513 illa
313 1453 477 1529 praecipue
490 1452 570 1512 mitis
585 1454 699 1516 adesse
714 1453 773 1514 die.

201 1535 238 1596 Et
250 1536 341 1597 libate
356 1538 469 1612 dapes,
483 1542 531 1612 ut,
546 1537 624 1612 grati
641 1536 751 1612 pignus
766 1535 901 1609 nonnis,

240 1621 355 1683 Nutriat
368 1621 517 1681 incinctos
534 1621 629 1682 misse
642 1622 753 1698 patella
767 1621 871 1681 Lares.

140 1713 191 1769 636
204 1705 329 1781 lamque
343 1703 396 1765 ubi
411 1704 552 1766 suadebit
569 1704 709 1780 placidos
724 1720 789 1764 nox
802 1702 925 1766 humida
942 1715 1099 1780 somnos,

243 1788 341 1864 Larga
356 1787 508 1864 precaturi
524 1788 634 1849 sumile
648 1789 720 1848 vina
734 1804 835 1863 manu,

201 1872 237 1932 ill
251 1871 348 1932 ‘Bene
364 1887 438 1945 vos,
453 1871 533 1933 bene
547 1880 592 1944 te,
610 1873 726 1948 patriae
741 1879 841 1948 paler,
857 1869 971 1947 optime
987 1869 1132 1936 Caesar·

243 1955 340 2018 Dicite
353 1954 474 2018 suliuso
489 1963 535 2019 ter
548 1956 631 2016 bona
647 1955 741 2016 verba
757 1970 852 2016 mero.

487 2089 538 2154 23.
569 2089 764 2156 Fuso-re

202 2206 269 2265 Nox
283 2205 335 2266 ubi
351 2207 516 2282 transierit,
532 2205 622 2268 solito
638 2207 807 2268 celebretur
821 2205 937 2268 honore

140 2299 191 2354 64⁰
247 2287 377 2364 Separat
390 2289 502 2352 indicio
519 2307 570 2367 qni
584 2293 662 2352 deus
678 2307 752 2352 arva
766 2305 834 2350 suc.

201 2373 354 2446 Termine,
370 2373 438 2434 sive
452 2375 547 2451 lapis,
562 2375 630 2436 sive
645 2391 679 2436 es
694 2375 843 2436 defossus
854 2373 887 2434 in
904 2387 979 2448 agro

243 2456 361 2534 Stipes,
378 2457 416 2518 ab
431 2459 562 2534 antiquis
578 2465 611 2520 tu
626 2473 751 2534 quoque
765 2472 876 2528 namen
890 2455 995 2518 habea

201 2541 242 2600 Te
257 2542 318 2603 duo
334 2541 457 2602 ‹livusa
471 2543 585 2603 domini
603 2558 659 2620 pro
675 2548 761 2618 parte
777 2547 931 2621 coronant,

241 2625 379 2700 Binaquc
392 2617 475 2686 serta
489 2625 541 2686 tibi
556 2626 691 2702 binaque
704 2625 766 2684 liba
782 2625 889 2704 luunt.
989 2671 991 2676 .

138 2713 188 2767 645
203 2709 265 2768 Ara
280 2709 322 2769 iil.
343 2708 405 2770 huc
419 2709 520 2784 ignem
534 2717 620 2771 curlo
635 2710 693 2771 lert
706 2709 822 2770 rustica
835 2714 914 2769 testa

243 2790 403 2867 Sumptum
418 2791 457 2852 de
472 2793 584 2868 lepidis
600 2793 670 2868 ipse
684 2794 795 2854 colom
809 2792 897 2854 loeis.

201 2874 298 2949 Ligna
312 2890 408 2935 senex
422 2875 543 2950 minuit,
559 2878 747 2951 concisaque
761 2875 909 2937 construit
923 2884 986 2936 atta

243 2958 281 3019 El
295 2959 395 3020 solida
408 2975 511 3021 rantes
526 2960 621 3036 ligere
639 2966 754 3037 pugnat
766 2960 870 3021 humo.

201 3041 274 3102 iarn
289 3041 375 3104 sicco
392 3043 505 3119 primas
520 3043 619 3104 inritat
633 3045 747 3106 cortice
761 3042 916 3106 flammas:

138 3140 189 3194 ooo
243 3123 308 3186 Stat
323 3142 399 3202 puer
413 3134 443 3188 et
456 3126 597 3189 manibus
613 3129 673 3188 lata
687 3128 821 3189 canistra
834 3134 925 3194 leuet.

200 3208 275 3270 inde
290 3208 341 3270 ubi
356 3216 401 3271 tcr
420 3211 523 3287 fruges
537 3212 657 3274 medios
673 3211 796 3272 immisit
810 3211 841 3272 in
857 3213 942 3288 ignis

239 3291 368 3370 Porngit
381 3293 497 3356 incisos
512 3294 575 3354 lilia
590 3311 687 3372 parva
701 3297 802 3357 favos.

199 3378 280 3437 Vina
294 3383 398 3439 tenent
413 3377 474 3439 alii.
503 3376 634 3441 libantur
648 3380 769 3455 singula
782 3378 917 3442 ilunmis

228 3547 232 3550 .
244 3461 402 3538 Spectant,
418 3470 448 3524 ct
461 3462 572 3538 linguis
588 3463 720 3525 eandida
733 3461 822 3526 turba
836 3464 920 3523 lavel
