2372 3928
358 249 387 325 1,
408 244 586 312 ost—err.
935 249 996 316 555

61 383 101 446 13.
122 382 253 445 1111111·
268 381 307 442 tt>
343 379 392 444 tt.
412 382 892 464 FENorrs·v1rros·rx·s·
909 401 939 444 o·

79 499 220 570 idibusin
235 497 338 574 magni
354 504 458 559 castus
471 499 556 560 lovis
572 500 650 560 aede
665 500 813 563 sacerdos

116 583 289 646 semimaris
304 581 434 643 dammis
451 582 572 643 viscera
586 581 659 643 libat
674 584 757 644 ovis=

79 668 263 743 Redditaque
277 665 419 727 immunis
434 667 550 742 populo
567 667 726 742 provincia
740 676 855 742 nostro,

30 761 67 816 555
110 751 144 811 155
157 759 227 812 tuus
240 750 382 825 Augusto
398 750 520 810 nomine
536 750 634 811 dietus
650 767 737 812 avus.

80 835 194 910 Perlege
210 834 380 909 dispositas
394 849 548 909 generosa
563 850 619 909 per
633 833 709 894 atria
723 849 828 897 ceras:

117 918 310 993 Contigerant
324 917 397 979 nulii
412 917 536 978 nomina
550 923 633 978 tanta
646 917 723 978 viro.

81 1002 174 1064 Airioa
186 1002 334 1062 victorem
349 1002 389 1061 de
404 1015 439 1061 se
450 1007 550 1063 vocat.
579 1001 655 1061 atter
665 1002 798 1077 Isauras,

115 1088 173 1146 Aut
190 1086 310 1146 cretum
325 1084 455 1146 domitas
471 1085 649 1146 testificatur
663 1101 756 1162 apest

34 1177 69 1231 555
80 1169 153 1230 Η555
168 1168 316 1230 Numidae
331 1168 458 1242 iaciunt,
481 1169 564 1230 illum
576 1169 722 1231 Messana
735 1171 915 1247 superbumt

117 1254 166 1313 1115
179 1253 361 1313 Numantina
374 1253 465 1314 traxit
480 1253 519 1313 ab
533 1253 608 1313 urbe
622 1260 734 1315 notam.

83 1336 113 1397 155
129 1342 253 1398 mortem
269 1343 299 1397 55
312 1352 423 1398 nomen
437 1335 538 1398 Druso
555 1337 716 1398 Germania
730 1338 811 1400 feeit.

117 1421 162 1482 Me
178 1421 338 1494 miserum,
355 1421 452 1482 virtus
468 1437 560 1497 quam
575 1419 679 1482 brevis
695 1422 747 1481 1115
761 1422 828 1484 iuitt

85 1505 111 1566 Si
124 1511 203 1581 petat
217 1521 237 1566 a
250 1504 349 1580 victis,
366 1512 412 1568 tot
425 1513 524 1566 sumat
537 1505 661 1565 nomina
673 1505 795 1578 Caesar,

35 1593 71 1650 555
115 1587 188 1664 Quot
202 1603 330 1650 numero
344 1595 451 1665 gentes
465 1589 616 1651 maximus
632 1588 715 1649 orbis
730 1587 830 1648 habet.

84 1671 121 1733 dr
135 1689 195 1736 uno
212 1673 337 1749 quidam
352 1672 489 1734 celebres
504 1679 555 1735 aut
569 1673 687 1749 torquis
703 1671 847 1748 adempti,

118 1757 177 1818 Aut
192 1756 277 1818 oorvi
291 1757 393 1820 titulos
409 1757 566 1819 auxiliaris
580 1756 703 1818 habent.

85 1837 198 1916 Magne,
221 1847 306 1902 tuum
320 1856 430 1902 nomen
442 1857 543 1902 rerum
558 1848 606 1902 555
620 1855 763 1900 mensuro
778 1846 909 1899 tuarum=

121 1923 178 1987 Sed
195 1925 246 2001 qui
262 1932 291 1985 55
306 1925 391 1999 51515,
408 1926 530 1986 nomine
542 1925 639 1986 maior
654 1933 727 1985 erat.

37 2007 132 2069 5551155
145 2009 259 2085 grades
274 2016 322 2070 est
336 2011 412 2070 ultra
426 2011 537 2071 Fabios
554 2008 744 2085 cognominis
760 2008 856 2069 uitus=

119 2093 170 2152 1115
186 2093 296 2155 domus
311 2094 426 2154 meritis
440 2095 573 2154 Maxima
588 2094 669 2155 diota
683 2093 758 2154 suis.

87 2175 139 2239 Sed
157 2183 259 2238 tamen
272 2177 413 2239 humanis
429 2178 620 2239 celebrantur
633 2176 803 2238 honoribus
819 2189 925 2236 omnes

120 2259 173 2320 Hie
189 2261 307 2324 sooium
321 2279 439 2326 summo
455 2278 523 2325 eum
537 2263 611 2324 Iove
625 2278 736 2324 nomen
750 2260 851 2322 habet.

88 2343 189 2406 Sancta
201 2353 316 2411 vocant
329 2353 458 2425 augusta
472 2354 586 2424 patres.
616 2353 746 2422 augusta
758 2349 906 2406 vocantur

40 2432 75 2488 ttt
117 2430 240 2506 Templa
254 2432 449 2494 sacerdotum
462 2432 519 2493 rite
534 2432 634 2493 dicata
649 2446 748 2490 manu.

87 2511 171 2573 Huius
186 2521 218 2575 et
229 2517 390 2591 augurium
405 2515 560 2593 dependet
575 2513 691 2591 origine
704 2511 800 2584 verbi,

120 2597 156 2658 Et
170 2600 387 2676 quodcumque
402 2617 459 2662 sua
473 2601 610 2678 luppiter
624 2603 716 2674 auget
730 2611 800 2673 ope.

88 2680 198 2756 Augeat
211 2683 370 2761 imperium
383 2685 480 2746 nostri
496 2686 598 2757 ducis,
617 2687 727 2758 augeat
746 2693 853 2751 annos,

120 2763 259 2842 Protegat
273 2775 305 2830 et
317 2775 438 2830 vestras
455 2785 572 2845 querna
586 2765 808 2829 coronatores.

40 2850 74 2904 515
83 2847 324 2929 auspicibusque
339 2853 406 2914 deis
420 2855 494 2914 tanti
506 2849 695 2928 cognominis
710 2847 801 2909 heres

123 2930 227 2996 Omine
240 2937 390 3014 suscipiat
405 2954 466 3013 quo
485 2945 578 3013 pater,
595 2934 678 2994 orbis
695 2947 783 2994 onus.

407 3068 456 3133 15.
477 3070 502 3131 G
525 3070 614 3130 CAR

86 3183 234 3262 Respiciet
246 3185 332 3247 Titan
348 3193 433 3248 actas
446 3185 499 3247 ubi
515 3185 619 3246 tertius
634 3184 717 3257 Idus,

20 3303 22 3388 D
122 3267 207 3331 Fient
219 3269 402 3331 Parrhasiae
421 3285 512 3330 sacra
525 3270 620 3331 relata
636 3267 723 3329 deae.

20 3391 22 3420 t
86 3349 153 3412 Nam
168 3353 253 3431 prius
269 3355 428 3417 Ausonias
442 3361 555 3414 matres
574 3358 719 3428 carpenta
733 3346 899 3411 vehebantt

23 3512 25 3521 Ι
39 3433 72 3488 155
116 3435 199 3498 Haeo
214 3453 338 3514 quoque
352 3438 391 3500 ab
405 3437 540 3499 Euandri
556 3437 636 3497 diota
651 3440 778 3512 parente
792 3447 873 3492 reor.

24 3544 25 3555 ¹
84 3515 150 3580 Mox
164 3520 264 3583 honor
280 3522 421 3600 eripitur,
438 3529 637 3598 matronaque
652 3518 783 3580 destinat
797 3515 896 3576 omnis
