2394 3940
181 225 225 292 80
576 225 804 286 TRlSTtUlt

206 431 246 525 3·
266 430 324 526 illa
338 465 405 526 dies
420 437 497 524 haec
512 471 574 536 est,
592 477 653 536 qua
666 469 696 521 te
710 462 867 523 celebrare
881 473 1033 540 poetae...

310 548 343 610 Si
356 549 449 610 modo
465 564 527 609 non
543 547 651 606 lallunt
663 553 832 621 tempora...
848 547 987 622 Baccho,
1004 554 1108 628 solanti.¹
1186 569 1187 588 ³

266 635 421 709 Festaque
436 631 572 694 odoratis
587 630 743 691 innectunt
757 636 896 707 tempora
910 636 1009 708 sertis,

310 717 348 777 Et
362 718 466 777 dicunt
480 716 588 777 laudes
604 714 644 775 ad
660 722 712 776 tua
728 714 798 774 vina
812 723 892 776 tuas.

240 811 256 864 5
270 802 352 862 Inter
368 817 463 879 quos,
479 799 616 873 memini,
633 799 705 860 dum
719 813 768 858 me
784 815 851 858 mea
866 801 928 860 lata
942 800 1088 873 sinebam,

308 887 375 946 Non
390 887 491 946 invisa
503 884 556 944 tibi
571 899 643 959 pars
658 898 714 957 ego
730 899 826 957 saepe
840 883 892 955 lui,
1187 959 1188 962 Ἴ

270 971 365 1044 Quem
380 986 461 1030 nunc
475 968 669 1044 suppositum
684 967 781 1027 stellis
797 967 1010 1043 Cynosuridos
1024 971 1119 1032 Ursae

310 1054 416 1115 Iuncta
430 1057 512 1113 tenet
526 1052 629 1112 crudis
645 1051 791 1112 Sarmatis
807 1068 862 1112 ora
878 1051 971 1114 Getis.

272 1137 390 1213 Quique
404 1137 490 1214 prius
506 1136 627 1197 mollem
641 1150 832 1211 vacuamque
841 1137 1004 1198 laboribus
1019 1138 1067 1214 egi

221 1234 255 1287 10
310 1223 344 1281 ln
360 1221 468 1283 studiis
484 1220 577 1280 vitam
590 1220 806 1296 Pieridumque
821 1219 926 1294 choro,

270 1308 356 1367 Nunc
371 1305 478 1381 procul
493 1322 512 1364 a
527 1305 623 1380 patria
639 1303 751 1366 Geticis
767 1303 979 1365 circumsonor
993 1307 1095 1381 armis,
1188 1349 1189 1376 2

312 1391 408 1450 Multa
422 1389 506 1467 prius
521 1388 630 1464 pelago
645 1390 800 1462 multaque
814 1405 928 1467 passus
944 1389 1049 1450 humo.

273 1475 345 1535 Sive
358 1473 431 1534 mihi
447 1489 554 1547 casus,
571 1474 637 1533 sive
655 1472 716 1532 hoc
731 1472 816 1532 dedit
830 1473 877 1533 ira
892 1474 1028 1548 deorum,

311 1557 421 1617 Nubila
434 1557 573 1618 nascenti
587 1572 644 1617 seu
658 1556 730 1615 mihi
745 1556 840 1616 Parca
856 1557 920 1631 luit,

223 1653 256 1706 15
269 1643 313 1704 Tu
327 1649 428 1703 tamen
442 1656 461 1701 c
476 1643 572 1701 sacris
587 1639 721 1701 hederae
737 1641 905 1701 cultoribus
921 1658 1016 1702 unum

312 1726 439 1786 Numine
454 1724 606 1785 debueras
621 1725 806 1786 sustinuisse
819 1732 883 1794 tuo.

256 1812 321 1880 ¹An
337 1810 480 1872 dominae
494 1809 546 1869 lati
563 1809 708 1884 quicquid
722 1810 862 1870 cecinere
876 1815 1016 1882 sorores

316 1895 412 1956 Omne
427 1893 484 1954 sub
499 1893 622 1953 arbitrio
640 1893 751 1954 desinit
765 1909 837 1954 esse
852 1894 924 1954 deit

272 1980 344 2056 lpse
361 1993 485 2052 quoque
500 1977 651 2038 aetherias
669 1977 783 2038 meritis
798 1979 938 2039 invectus
953 1993 989 2040 es
1005 1995 1105 2054 arces,

222 2075 258 2128 ao
334 2063 399 2136 Quo
415 2078 476 2122 non
492 2061 603 2136 exiguo
620 2062 700 2122 lacta
713 2062 819 2126 labore
833 2062 885 2122 via
899 2070 955 2122 est.

273 2147 336 2207 Nec
352 2143 449 2220 patria
463 2151 511 2205 est
524 2144 659 2206 habitata
673 2146 743 2222 tibi,
758 2146 815 2208 sed
830 2146 973 2222 adusque
988 2147 1133 2209 nivosum
1190 2153 1191 2162 ’

316 2229 482 2307 Strymona
496 2230 606 2291 venisti
620 2230 872 2307 Marticolamque
887 2231 992 2306 Geren,

273 2313 463 2388 Persidaque
478 2321 507 2374 et
522 2313 582 2374 lato
599 2315 781 2390 spatiantem
797 2315 923 2376 flumine
939 2313 1079 2390 Gangen,

314 2399 352 2459 El
367 2413 578 2474 quascumque
590 2398 667 2459 bibit
680 2400 817 2462 discolor
831 2399 925 2460 indus
941 2415 1052 2474 aquas.

222 2496 258 2550 25
274 2479 397 2545 Scilicet
411 2483 491 2544 hane
506 2483 606 2558 le'gem
620 2490 727 2544 nentes
743 2485 845 2545 latalia
858 2483 974 2543 Parcae

317 2568 453 2630 Stamina
465 2568 513 2628 bis
527 2569 629 2642 genito
644 2568 692 2628 bis
708 2568 847 2629 cecinere
862 2568 924 2629 tibi.

274 2655 324 2714 Me
339 2669 479 2728 quoquc,
496 2652 523 2712 si
539 2653 586 2712 las
601 2659 648 2712 est
662 2654 811 2729 exemplis
827 2653 871 2712 irc
886 2651 1025 2727 deorum,

315 2737 428 2797 Fumea
443 2751 512 2796 sors
526 2735 608 2796 vilae
622 2736 818 2812 difficilisque
832 2737 950 2812 premit.

271 2822 327 2881 lllo
342 2835 400 2880 nec
415 2819 512 2880 levius
528 2820 640 2891 cecidi,
663 2838 752 2896 quem
768 2837 878 2896 magna
891 2822 1026 2880 locutum

222 2916 259 2971 ao
313 2904 460 2980 Reppulit
474 2921 493 2964 a
507 2904 619 2966 Tbebis
633 2905 770 2981 Iuppiter
784 2907 854 2979 igne
869 2920 936 2964 suo.

275 2989 315 3050 Ut
328 2995 428 3048 tamen
444 2989 556 3050 audisti
572 3005 752 3065 percussum
766 2991 891 3050 fulmine
907 2994 1016 3062 vatem,

316 3073 483 3133 Admonitu
498 3075 603 3134 matris
619 3074 818 3134 condoluisse
832 3079 938 3150 potes·

275 3156 313 3216 Et
327 3165 431 3232 potes,
447 3158 603 3234 aspiciens
619 3158 732 3218 circum
747 3165 799 3217 tua
814 3173 903 3218 sacra
919 3163 1038 3232 poetas,

318 3240 441 3301 ‘Nescio
458 3243 526 3317 quis
542 3243 651 3302 nostri'
667 3243 770 3302 dicere
785 3243 895 3303 ‘cultor
910 3240 1019 3301 abest?

224 3329 260 3385 35
272 3323 346 3396 Fer,
361 3323 442 3386 bone
457 3325 562 3400 Liber,
578 3343 678 3401 opem.
714 3327 760 3388 sic
774 3327 870 3387 altera
884 3326 1033 3400 degravet
1047 3325 1166 3390 ulmum

313 3408 393 3468 Vitis
409 3414 438 3468 et
451 3408 571 3469 incluso
588 3409 678 3484 plena
692 3410 732 3470 sit
745 3428 806 3472 uva
821 3427 920 3471 mero:

275 3492 327 3553 Sic
341 3491 395 3554 tibi
411 3507 478 3550 cum
493 3492 625 3553 Bacchis
644 3493 824 3573 Satyrorum
840 3510 941 3570 gnava
956 3494 1108 3558 iuventus
