2450 3932
311 209 316 213 ’
358 257 416 334 iv,
437 257 471 332 s,
493 257 591 334 s-e,
614 259 644 320 a.

126 411 155 470 ln
169 409 394 485 circumspectu
408 417 469 470 stat
483 412 550 470 sine
565 411 626 471 fine
641 411 698 471 sui.

56 503 78 557 li
91 493 165 556 Urbis
180 493 265 553 aliast
282 494 392 568 iacies,
408 494 534 570 absunt,
550 510 618 555 mea
633 509 720 569 cura,
737 495 869 569 sodales,

124 579 171 650 Et,
192 593 253 652 qua
268 579 350 638 nulla
364 577 437 636 milri
453 579 568 653 carior,
582 593 662 640 uxor
676 577 773 638 abest.

90 663 193 735 Vulgus
207 661 298 721 adest
314 661 490 740 Scythicum
506 663 711 738 braccataque
728 663 816 722 turba
831 662 983 730 Getarum.

125 744 170 804 Sic
184 745 262 804 male
278 761 359 822 quae
373 745 465 809 video
481 764 543 810 non
558 746 727 821 videoque,
743 753 862 806 nocent.

90 829 146 890 Una
159 833 258 890 tomen
274 845 349 905 spes
364 839 426 904 est,
446 847 525 908 quaa
539 847 589 892 me
603 830 719 891 soletur
735 831 764 889 in
781 830 856 907 istie,

55 923 78 971 so
121 913 196 974 llaec
210 913 277 975 iore
292 921 389 975 morte
402 932 471 977 mea
485 932 546 977 non
562 916 702 975 diuturna
715 915 805 974 mala.

48 1051 76 1144 Ῑι
92 1047 140 1146 Bis
153 1103 199 1148 me
213 1089 261 1148 sol
278 1087 353 1148 adiit
365 1088 486 1164 gelidae
505 1095 577 1164 post
591 1089 704 1163 frigora
717 1087 852 1159 brumae,

121 1171 228 1248 Bisque
243 1189 333 1232 suum
347 1177 428 1233 tacto
443 1171 532 1232 Pisce
547 1171 664 1247 peregit
677 1173 742 1232 iter.

91 1255 224 1330 Tempore
238 1261 301 1315 tam
315 1257 407 1332 longo
423 1271 478 1316 cur
491 1272 552 1316 non
570 1263 622 1316 tua
636 1257 763 1317 dextera
778 1271 885 1315 vorsus

124 1337 291 1411 Quamlibet
304 1339 335 1399 in
350 1356 469 1416 paucos
484 1340 626 1401 officiosa
642 1341 716 1401 iniit

68 1421 137 1482 sCur
148 1431 197 1482 tua
212 1425 348 1484 cessavit
362 1425 476 1500 pietas,
489 1423 693 1485 scribentibus
708 1425 776 1498 illis,

119 1505 249 1582 Exiguus
264 1508 355 1569 nobis
371 1524 439 1568 oum
455 1508 566 1583 quibus
583 1523 657 1569 usus
672 1514 757 1568 erate

91 1587 138 1648 Cur
149 1591 258 1652 totiens
273 1593 364 1653 alicui
380 1593 503 1654 chartac
518 1609 574 1652 sna
587 1591 708 1652 vincula
723 1592 851 1667 dempsi,

120 1673 199 1735 illam
214 1677 339 1751 speravi
353 1691 465 1736 nomen
479 1675 593 1736 habere
606 1683 711 1736 tuumt

89 1755 250 1833 liifaciant,
266 1765 300 1818 ut
315 1775 410 1836 saepe
423 1767 475 1820 tua
490 1759 530 1820 sii
544 1759 674 1834 epistola
689 1759 796 1818 dextra

57 1846 79 1898 lt
121 1839 248 1918 Scripta,
263 1842 321 1904 sed
336 1859 353 1904 e
368 1844 469 1904 multis
482 1843 604 1904 reddita
619 1842 702 1902 nulla
715 1842 802 1901 mihi!

91 1922 303 2002 europeam,
320 1942 391 1988 esse
405 1928 509 2003 liquet.
544 1927 671 1988 Credam
687 1926 771 2003 prius
788 1941 842 1988 ora
854 1923 1002 1984 Medusae

122 2008 267 2084 Gorgonis
285 2011 446 2086 anguineis
462 2013 562 2072 cineta
576 2011 673 2071 luisse
688 2011 794 2086 comis,

88 2088 259 2154 Essedones
274 2102 361 2156 utero
377 2095 434 2156 sub
450 2096 593 2171 virginis,
614 2110 686 2156 esse
701 2095 896 2169 Chimaeram,

120 2176 146 2236 Α
158 2183 241 2237 truce
256 2195 338 2253 quae
352 2178 483 2240 flammis
499 2185 622 2255 separet
635 2195 735 2254 angue
749 2180 837 2250 leam,

55 2259 77 2313 15
89 2256 358 2336 quadrupedesque
371 2263 504 2324 hominis
519 2279 589 2324 cum
603 2270 727 2339 pectore
739 2269 863 2339 pectora
874 2266 1001 2336 iunctos,

120 2342 389 2421 Tergeminumque
402 2348 500 2408 virum
514 2347 775 2422 tergeminumque
790 2361 904 2418 eonem,

89 2424 275 2504 Sphingaque
290 2436 320 2489 et
334 2430 488 2509 Harpyias
503 2429 799 2507 serpentipedesque
815 2429 968 2503 Gigantas,

122 2512 389 2588 Centimanumque
405 2515 492 2592 Gyen
508 2514 758 2589 semibovemque
773 2513 880 2572 virum.

87 2593 158 2656 llaec
172 2613 229 2674 ego
250 2600 476 2674 cuncmprius,
494 2617 586 2676 quam
599 2605 645 2675 te,
661 2597 834 2671 carissime,
853 2595 975 2655 credam

55 2688 78 2740 io
119 2679 261 2743 ltlutntum
277 2698 381 2745 curam
398 2683 584 2760 deposuisse
599 2683 668 2744 mei.

86 2761 226 2826 innumeri
240 2775 363 2829 montes
377 2766 518 2830 interme
533 2776 639 2844 teque,
653 2765 786 2840 viaeque

118 2846 313 2927 Fluminaque
328 2859 360 2913 et
374 2854 490 2928 compi,
504 2868 562 2912 neo
577 2854 655 2912 treta
669 2865 770 2926 pauca
783 2849 890 2908 iacent.

85 2929 154 2992 Mille
168 2940 272 3009 potest
285 2936 404 3013 causis,
421 2953 440 2996 a
453 2945 484 2998 te
500 2953 581 3013 quae
595 2936 692 2997 littera
707 2949 802 3008 saepe

117 3015 210 3078 ltlissa
224 3020 281 3096 sit,
297 3019 328 3080 in
343 3027 467 3083 nostras
481 3037 551 3082 rara
565 3020 671 3082 venire
685 3015 804 3079 manus.

52 3098 73 3151 li
83 3095 152 3160 llille
166 3107 268 3164 tamen
284 3120 397 3166 causas
412 3105 578 3167 sonbendo
593 3104 683 3163 vince
698 3103 883 3176 frequenter,

113 3182 263 3247 Excusem
278 3204 317 3248 ne
331 3196 363 3250 te
377 3205 516 3268 semper,
532 3189 645 3263 amice,
663 3186 752 3246 mihi!

44 3303 69 3407 8·
85 3313 142 3416 'am
156 3375 226 3420 mea
241 3376 376 3440 cycneas
393 3363 546 3424 imitantur
559 3367 699 3437 tempora
714 3351 845 3436 plumas,

30 3481 31 3524 3
109 3440 206 3504 lnfleit
221 3450 252 3505 et
265 3447 369 3521 nigras
385 3447 454 3507 alba
469 3455 594 3508 senecta
610 3461 725 3507 comas.

30 3595 31 3620 χ
77 3517 129 3583 lam
145 3526 279 3590 subeunt
297 3531 368 3590 anni
384 3531 509 3608 fragiles
525 3538 555 3592 et
568 3533 693 3592 inertior
709 3533 802 3600 aetam,
