2492 3926
141 271 202 335 111
520 265 775 331 1111111111
891 222 897 236 ’

267 426 351 484 11111
366 431 451 483 aetas
467 421 578 481 bellum
594 422 719 496 suadet,
738 421 831 480 atille
845 419 932 497 gerit„

227 509 277 570 Sic
293 506 410 578 statuit,
428 520 616 579 mensesque
631 511 704 566 nota
721 507 855 565 secrevit
869 502 987 563 eadem.

267 592 372 652 lunius
388 597 436 650 est
450 590 602 649 iuvenum.
632 590 683 664 qui
702 589 757 649 iuit
771 595 857 662 ante,
874 589 1007 648 senum?

225 677 316 736 Dixit.
346 682 376 734 et
390 674 421 732 in
436 673 518 732 litem
536 671 637 731 studio
653 672 826 732 certaminis
840 672 946 745 issent,

176 769 210 820 90
267 761 369 833 Atque
383 757 428 815 ira
442 756 540 831 pietas
557 755 749 816 dissimulata
768 756 876 816 soret...

226 843 317 902 Venit
330 839 494 915 Apollinea
507 840 617 914 longas
633 838 804 900 Concordia
818 841 903 898 lauro

268 925 354 986 Nexa
375 939 495 998 cernas,
511 923 625 999 placidi
641 937 752 984 numen
768 937 911 999 opusque
927 919 1027 980 ducis.

226 1010 310 1068 Haec
323 1007 375 1068 ubi
389 1007 524 1068 narravit
535 1009 652 1067 Tatium
667 1008 837 1083 fortemque
853 1005 1009 1078 Quirinum

268 1091 407 1166 Binaque
422 1106 489 1150 curn
507 1093 628 1166 populis
642 1106 738 1166 regna
753 1091 855 1150 coisse
872 1088 946 1162 suis,

173 1186 207 1242 95
220 1177 258 1236 Et
272 1177 337 1234 iare
351 1175 502 1235 communi
518 1190 646 1235 soceros
661 1188 857 1249 generosque
872 1175 1026 1246 receptos,

269 1259 337 1317 ‘His
356 1273 466 1318 nornen
487 1258 596 1318 iunctis
611 1258 728 1320 Iunius’
747 1255 846 1332 inquit
861 1254 986 1315 ‘babet'

226 1344 314 1404 Dicta
329 1341 439 1416 triplex
455 1349 620 1402 causaest.
648 1343 689 1401 At
703 1357 761 1401 vos
778 1340 942 1416 ignoscite,
960 1337 1075 1397 divae=

269 1427 332 1486 Res
352 1431 398 1484 est
412 1424 534 1485 arbitrio
551 1441 612 1484 non
628 1425 797 1485 dirimenda
812 1439 890 1483 meo.

228 1513 272 1570 111
293 1524 384 1584 pares
399 1524 490 1568 ame.
519 1508 675 1584 perierunt
689 1508 790 1569 iudice
807 1507 922 1570 formae

164 1605 214 1658 100
272 1595 428 1668 Pergama.
457 1593 528 1666 plus
543 1593 680 1667 laedunt,
697 1609 789 1668 quarn
806 1592 889 1652 iuvet
906 1607 981 1664 una,
999 1589 1099 1649 duae.

484 1724 824 1803 1.[H·K·1vit·]it
860 1709 862 1714 '

228 1847 327 1905 Prima
341 1844 408 1904 dies
423 1843 491 1918 tibi,
510 1843 621 1917 carna,
639 1843 735 1904 datur.
764 1843 830 1902 Dea
844 1839 976 1902 cardinis
991 1839 1076 1900 haec
1093 1847 1144 1900 est

272 1929 400 1988 Numine
415 1929 520 1988 clausa
535 1927 646 2002 aperit,
663 1927 775 1988 claudit
791 1933 897 2003 aperta
911 1941 978 1987 suo.

228 2013 317 2075 Unde
333 2012 421 2072 datas
437 2011 550 2071 habeat
565 2011 662 2085 vires,
679 2010 838 2071 obscurior
852 2026 931 2071 aevo

270 2097 372 2157 Fama.
403 2096 459 2155 sed
475 2111 491 2154 e
507 2101 613 2154 nostro
630 2092 763 2154 carmine
779 2102 880 2155 certus
896 2095 967 2154 eris.

166 2191 216 2244 105
230 2181 360 2240 Adiacet
375 2180 518 2252 antiquus
533 2176 673 2237 Tiberino
690 2179 776 2239 lucus
793 2178 931 2238 Helerni=

270 2261 433 2322 Pontifices
448 2262 519 2320 illuc
533 2277 614 2322 nunc
629 2278 751 2338 quoque
766 2278 855 2324 sacra
871 2261 978 2322 ierunt.

232 2347 304 2407 inde
322 2353 389 2407 sata
405 2354 453 2407 est
465 2346 632 2424 nymphe...
648 2345 784 2406 Cranaen
800 2347 906 2406 dixere
921 2345 1078 2423 priores...

272 2431 462 2508 Nequiquam
477 2429 577 2490 multis
595 2445 690 2505 saepe
706 2430 798 2506 petita
813 2430 926 2506 procis.

228 2517 311 2578 Rura
325 2515 428 2591 sequi,
449 2514 619 2589 iaculisque
633 2515 714 2574 ieras
731 2516 844 2590 agitare
859 2515 985 2589 solebat,

167 2613 218 2664 110
273 2601 478 2675 Nodosasque
494 2614 570 2658 cava
589 2599 714 2658 tendere
730 2599 808 2658 valle
823 2599 940 2675 plagas.

229 2685 295 2743 Non
309 2682 415 2742 habuit
428 2682 616 2758 pharetramz
645 2682 759 2742 Phoebi
773 2691 874 2743 tamen
890 2698 960 2743 esse
976 2698 1127 2746 sororem

274 2765 452 2827 Credebant.
482 2782 540 2825 nec
555 2773 634 2840 erat,
649 2767 788 2840 Phoebe,
807 2767 952 2843 pudenda
966 2766 1030 2827 tibi.

228 2851 305 2912 Huic
319 2850 429 2925 aliquis
444 2848 587 2912 iuvenum
601 2851 730 2912 dixisset
743 2851 875 2912 amantia
889 2849 992 2924 verba,

269 2934 432 2996 Reddebat
445 2935 522 2996 tates
538 2936 677 3013 protinus
692 2937 744 2996 1111
758 2951 870 2996 sonos:

167 3033 216 3084 115
232 3020 327 3080 ‘Haec
345 3020 413 3080 loca
428 3021 504 3080 lucis
520 3019 632 3080 habent
646 3020 750 3094 nimis,
767 3027 797 3081 et
813 3036 882 3081 curn
897 3020 964 3103 iuce
980 3017 1132 3094 pudoris.

273 3103 306 3164 Si
321 3111 440 3167 secreta
451 3105 547 3180 magis
564 3104 650 3164 ducis
665 3105 695 3163 in
710 3110 810 3179 antra,
826 3107 963 3178 sequan’

230 3188 377 3251 Creduius
393 3196 463 3250 ante
478 3196 510 3249 ut
524 3189 571 3264 iit,
587 3188 710 3249 frutices
727 3188 803 3248 haec
820 3194 911 3248 nacta
923 3186 1048 3259 resistit,

270 3273 309 3333 Et
325 3274 411 3348 11111,
427 3281 456 3334 11
475 3274 557 3332 nullo
573 3281 620 3334 est
634 3272 818 3332 invenienda
832 3273 935 3333 modo.

228 3355 357 3416 Viderat
369 3357 448 3416 hanc
461 3357 562 3416 Ianus.
594 3357 740 3431 visaeque
755 3354 898 3430 cupidine
914 3361 1022 3430 captus

166 3449 217 3500 rao
272 3440 322 3497 Ad
337 3440 444 3500 duram
459 3437 561 3498 verbis
576 3439 717 3500 mollibus
732 3455 807 3500 usus
824 3446 897 3500 erat.

229 3520 371 3596 Nympha
385 3522 469 3582 iubet
485 3523 589 3596 quaeri
605 3524 643 3582 de
659 3538 743 3583 more
757 3524 904 3584 remotius
920 3529 1049 3597 antrum,
