2492 3926
425 235 483 309 Vl,
507 231 684 298 tab-tea.

140 503 143 509 ,
489 435 541 499 27.
564 436 620 498 (lc

134 557 283 631 Tempora
299 553 455 630 labuntur,
472 555 634 631 tacitisque
649 557 841 618 senescimus
857 559 953 632 anuis,

176 639 213 700 El
229 638 345 714 lugiunt
361 639 447 700 ireno
463 653 523 700 77077
539 645 712 700 remorante
726 639 804 701 dies,

135 724 230 797 Quom
246 723 305 785 cito
321 730 469 784 uenerunt
482 721 633 784 Fortunae
647 723 746 785 Fortis
762 725 911 790 hommes!

177 806 248 868 Post
264 814 380 884 septem
395 809 481 868 luces
496 805 600 869 lunius
615 815 701 869 actus
717 809 781 869 erit.

73 896 121 951 tta
137 890 193 965 lte,
209 890 299 952 deam
314 891 384 951 laeti
398 890 520 953 Fortem
535 889 703 967 celebrato,
720 891 869 969 Quirites!

175 975 209 1034 ln
223 974 339 1036 'liberis
358 975 425 1051 ripa
440 991 566 1036 munera
580 975 661 1052 regis
676 975 777 1038 habet.

133 1057 207 1119 Pars
223 1059 317 1135 pede,
334 1075 406 1135 pars
422 1061 513 1120 etiam
529 1059 621 1120 celeri
639 1059 790 1122 decurrite
804 1059 922 1124 cumba.
954 1085 959 1095 ·

176 1143 237 1204 Nec
253 1144 366 1218 pudeat
381 1151 472 1219 potos
492 1144 564 1205 indc
579 1144 679 1205 redire
696 1145 829 1206 domum.

134 1224 222 1288 Fertc
237 1233 401 1288 coronatae
416 1229 559 1290 iuvenum
577 1228 722 1306 0077777777
736 1229 851 1304 77777700,

73 1313 123 1369 780
180 1309 333 1386 nutuque
348 1327 405 1387 per
417 1313 534 1374 medias
551 1313 622 1374 vlna
637 1310 777 1374 bibantur
792 1327 898 1390 autres.

132 1394 222 1455 Plebs
238 1395 310 1456 colit
324 1395 412 1456 banc.
443 1397 531 1473 quia,
548 1395 600 1472 qui
615 1396 735 1473 posuit,
751 1397 790 1456 de
806 1395 898 1472 plebe
912 1397 1006 1458 ladsse

175 1481 295 1552 Fertur,
314 1488 344 1540 ct
358 1495 398 1540 ex
411 1479 515 1542 humili
531 1488 654 1556 sceptra
669 1480 776 1541 tulisse
791 1481 869 1542 loco.

135 1563 282 1624 Convenit
297 1571 326 1624 ct
340 1564 449 1626 serris.
481 1581 572 1625 serva
592 1565 665 1641 quia
678 1563 793 1625 Tullius
809 1569 911 1626 ottus,

177 1647 336 1708 Constituit
350 1648 460 1710 dubiae
475 1649 587 1725 templa
603 1649 778 1725 propinqua
793 1648 880 1710 deae.

403 1780 454 1845 25.
475 1782 531 1844 HC
573 1781 623 1845 26.
644 1781 702 1844 AC

68 1907 118 1966 785
133 1899 214 1960 Ecce
229 1899 406 1962 suburbana
420 1901 543 1962 rediens
559 1902 637 1962 male
653 1901 777 1964 sobrius
791 1898 870 1965 aede

174 1984 224 2044 Ad
240 1985 343 2046 stellas
360 1985 470 2060 aliquis
487 1986 558 2046 talla
573 1983 668 2044 verba
683 1987 769 2047 iacil=

132 2067 217 2128 Zona
232 2070 303 2130 latet
317 2076 369 2130 tua
383 2085 477 2142 nunc,
499 2078 529 2130 et
544 2085 612 2129 cras
630 2070 762 2130 tortasse
775 2068 894 2131 latebita

174 2153 290 2214 Dehine
305 2153 374 2228 erit,
391 2151 499 2229 Orion,
515 2153 695 2230 aspiciendo
710 2153 790 2214 mihi.

132 2238 172 2296 At
188 2237 214 2296 si
229 2254 290 2298 uon
305 2244 389 2298 esset
403 2245 510 2312 potus,
527 2236 658 2298 dixisset
671 2238 779 2298 eadem

67 2324 117 2380 700
174 2321 343 2382 Venturum
357 2328 477 2397 tempus
493 2321 653 2383 solstitiale
669 2321 728 2382 dio.

488 2453 539 2518 27.
560 2455 616 2515 BC

130 2569 270 2632 Lucifero
287 2573 436 2635 subeunte
450 2573 546 2634 Lares
562 2573 689 2634 delubra
703 2573 834 2633 tulemnt

173 2655 243 2728 Hic,
264 2655 315 2716 ubi
329 2657 363 2717 lit
378 2656 470 2718 docta
484 2658 576 2718 multa
592 2673 707 2718 corona
726 2673 825 2716 manu.

130 2739 263 2815 'lempus
279 2740 359 2801 idern
375 2740 477 2802 Stator
493 2741 578 2802 aedis
594 2739 700 2815 habet,
719 2757 809 2817 quarn
824 2741 972 2802 Romulus
988 2739 1055 2800 olim

175 2825 251 2883 Ante
266 2823 392 2885 Palatini
408 2824 545 2886 condidit
560 2841 614 2885 ora
629 2824 700 2901 iugi.

408 2957 459 3021 28„
482 2961 534 3021 CF
572 2959 623 3022 29.
645 2958 700 3020 DF

64 3083 116 3139 795
130 3077 187 3138 Tot
201 3083 317 3138 restant
332 3079 371 3138 de
385 3095 491 3139 mense
507 3077 589 3152 dies,
606 3085 681 3154 quot
694 3075 818 3137 nomina
831 3074 944 3148 Parcis,

172 3160 246 3222 Cum
262 3161 334 3222 dota
349 3170 419 3223 sunt
432 3163 555 3222 trabeae
571 3165 699 3238 templa,
715 3160 852 3236 Quirino,
869 3165 947 3222 tuae.

487 3293 538 3357 30.
560 3294 614 3356 EC

125 3417 259 3491 Tempus
278 3415 368 3478 luleis
390 3432 458 3476 cras
478 3412 527 3476 est
539 3417 640 3476 natale
655 3415 818 3476 Kalendis:

13 3509 14 3512 ’
82 3597 158 3641 mm
169 3499 321 3642 Plifiridcs,
338 3500 456 3576 coeptis
477 3499 581 3560 addite
596 3516 714 3561 summa
728 3499 852 3642 777070.ἢ
