2450 3932
429 205 466 282 11,
489 204 657 270 leo-roe
1023 213 1067 283 27

150 356 279 420 Raetica
294 373 377 418 nunc
391 358 540 434 praebent
552 358 742 440 thraciaque
755 377 839 423 arma
853 369 979 444 metum,

113 441 199 504 Nunc
213 442 291 519 petit
305 441 470 504 Armenius
485 458 603 520 pacem,
626 460 707 506 nnnc
721 446 848 522 porrigit
861 463 954 510 arcus

156 525 286 586 Parthus
303 541 402 602 eques
416 527 520 588 timida
535 535 686 604 captaque
700 530 789 606 signa
802 546 904 607 manu,

112 611 200 671 Nunc
214 617 245 671 te
260 611 352 686 prole
366 617 420 671 tna
433 611 574 672 iuvenem
589 611 751 674 Germania
764 615 863 688 sentit,

52 702 104 757 230
156 693 306 770 Bellaque
321 710 378 770 pro
393 711 503 771 magno
519 695 652 756 Caesare
668 697 780 758 Caesar
793 699 864 774 agit.

112 779 254 854 Denique
268 784 304 838 ut
319 777 348 838 in
364 785 458 853 tanto,
481 787 626 856 quantum
642 797 705 842 non
720 783 817 842 extitit
828 798 979 862 umquam,

153 862 291 938 Corpore
305 878 381 939 pars
395 864 477 924 nulla
491 871 547 936 est,
570 865 755 943 quaelebet,
777 865 904 944 imperii,

113 945 195 1007 Urbs
212 961 339 1021 quoque
355 952 385 1006 te
399 954 430 1008 et
441 947 543 1023 legum
558 948 655 1010 lassat
669 951 763 1011 tutela
776 957 894 1012 tuarum

150 1031 189 1091 Et
201 1046 330 1103 morum,
355 1029 471 1093 similes
487 1047 565 1107 quos
583 1031 673 1108 cupis
686 1049 758 1094 esse
771 1033 841 1095 tuis

55 1121 104 1176 535
115 1113 179 1174 Nec
193 1114 247 1175 tibi
263 1115 451 1194 contingunt,
475 1131 555 1191 qnae
569 1116 710 1192 gentibus
727 1117 788 1179 otia
801 1125 960 1195 praestas:

154 1199 304 1273 Bellaque
319 1215 388 1260 cum
403 1199 504 1260 multis
519 1200 690 1278 inrequieta
703 1202 795 1278 geris.

108 1282 204 1342 Mirer
217 1283 247 1342 in
262 1282 323 1342 hoc
338 1282 429 1358 igitur
441 1291 592 1345 tantarum
605 1286 744 1360 pondere
758 1303 859 1348 rerum

153 1367 328 1443 Numquam
344 1373 374 1427 te
389 1375 512 1430 nostros
528 1369 684 1431 evoluisse
698 1370 809 1432 iocos?

108 1451 152 1511 nt
164 1451 202 1526 si,
226 1451 311 1527 quod
326 1452 455 1528 mallem,
478 1469 595 1514 tracuus
611 1455 743 1515 lortasse
758 1455 880 1529 luisses,

53 1541 101 1598 tio
154 1535 275 1596 Nullum
289 1536 422 1611 legisses
438 1537 552 1597 crimen
567 1538 597 1597 in
611 1539 687 1598 Arte
702 1554 779 1598 mea.

111 1619 167 1679 llla
183 1619 309 1695 quidem
324 1620 422 1681 lateor
436 1621 544 1682 frontis
559 1638 622 1682 non
637 1637 708 1683 esse
723 1638 852 1684 severae

156 1701 286 1780 Scripta,
309 1719 367 1766 nee
383 1720 402 1765 a
416 1711 499 1767 tanto
515 1705 655 1782 principe
670 1706 763 1781 digna
778 1708 854 1782 legi:

110 1787 178 1848 Non
193 1795 296 1848 tumen
311 1788 426 1848 idcirco
442 1789 543 1865 legum
557 1790 710 1850 conuerte
724 1790 818 1850 iussis

154 1871 230 1932 Sunt
245 1887 281 1932 ea
296 1873 452 1934 Romanas
469 1874 672 1948 erudiuntque
687 1890 790 1935 nurus
1042 1950 1044 1954 Ι

57 1961 103 2017 545
114 1956 199 2016 Neve
217 1957 328 2031 quibus
345 1957 478 2018 scribam
492 1957 596 2035 possis
613 1957 761 2032 dubitare,
780 1957 899 2020 libellus
969 1967 970 1970 ’

154 2040 300 2114 Quattuor
314 2041 374 2102 hos
389 2057 498 2103 versus
514 2058 531 2102 e
545 2042 643 2103 tribus
658 2058 739 2104 unns
755 2041 861 2103 habet:

116 2125 200 2186 ‘Este
214 2125 332 2201 procul,
357 2126 449 2187 vittae
463 2134 580 2201 tenues,
602 2126 721 2201 insigne
736 2127 873 2202 pudoris,
980 2193 981 2198 γ

156 2209 303 2286 Quaeque
317 2212 396 2287 tegis
412 2211 531 2272 medios
550 2211 653 2271 instita
668 2212 759 2286 longa
774 2211 886 2288 pedes!

115 2293 162 2352 Nil
176 2293 235 2354 nisi
249 2294 419 2370 legitimum
433 2311 646 2372 concessaque
660 2296 739 2355 furta
754 2310 908 2370 canemus,

59 2383 107 2439 250
155 2377 249 2453 Inque
265 2395 336 2442 meo
351 2380 466 2441 nullum
481 2379 614 2440 carmine
630 2379 743 2440 crimen
758 2380 835 2440 erit’

115 2461 233 2537 Ecquid
249 2462 287 2524 ab
303 2465 362 2525 hac
377 2479 483 2524 omnes
498 2464 595 2539 rigide
610 2463 830 2524 summovimus
843 2464 931 2539 Arte,

159 2547 240 2621 Quas
255 2549 336 2610 stola
350 2547 482 2622 contingi
500 2549 636 2622 vittaque
653 2553 774 2622 sumpta
787 2551 890 2606 vctat‘t

113 2633 154 2691 At
167 2638 305 2694 matrona
320 2639 423 2708 potest
436 2631 543 2691 alienis
558 2631 673 2692 artibus
689 2631 740 2705 nti,

158 2716 309 2791 Quodque
324 2715 431 2790 trahat,
455 2715 595 2792 quamvis
610 2730 672 2774 non
688 2714 844 2790 doceatur,
865 2713 971 2778 habet.

59 2804 106 2858 255
116 2799 162 2858 Nil
176 2799 266 2874 igitur
279 2807 419 2860 matrona
433 2801 521 2876 legat,
544 2799 615 2874 quia
631 2798 763 2860 carmine
779 2796 817 2857 ab
835 2799 916 2859 omni

152 2882 201 2942 Ad
217 2882 458 2960 delinquendum
473 2884 593 2946 doctior
607 2898 679 2943 esse
693 2889 803 2957 potest.

116 2965 335 3044 Quodcumque
349 2969 489 3045 attigerit,
510 2969 600 3046 siqua
615 2975 662 3031 est
676 2967 816 3032 studiosa
830 2960 954 3038 sinistri,

152 3051 201 3110 Ad
216 3053 322 3113 vitium
337 3069 440 3114 mores
455 3055 582 3115 instruet
596 3055 668 3115 inde
683 3071 769 3115 snos.

117 3133 285 3210 Sumpserit
299 3138 469 3213 Annales..
483 3138 557 3199 nihil
572 3145 620 3199 est
633 3139 779 3200 hirsutius
795 3137 885 3200 illis...

59 3223 107 3277 tto
153 3216 244 3279 Facta
259 3221 301 3281 sit
314 3222 398 3282 unde
412 3238 525 3297 parens
539 3224 608 3297 Ilia,
632 3238 743 3299 nempe
756 3223 846 3298 leget.

114 3300 292 3380 sumpserit,
314 3306 496 3366 Aeneadum
510 3307 640 3383 genitrix
654 3307 705 3366 ubi
721 3307 827 3382 prima,
849 3301 995 3380 requiret,

149 3386 331 3450 Aeneadum
346 3390 477 3464 genitrix
493 3391 575 3452 unde
590 3391 629 3451 sit
645 3390 724 3450 alma
738 3392 856 3451 Venus.

70 3469 284 3548 -Persequar
298 3473 437 3548 inferius,
460 3476 552 3534 modo
569 3475 595 3535 si
611 3477 680 3534 licet
694 3473 801 3534 ordine
816 3471 895 3547 lerri,
