2372 3928
195 231 258 298 rel
573 224 828 288 rnsrotttttt

277 383 351 444 indu
365 381 452 442 nefus
466 381 581 441 ducunt
593 394 691 454 genus
708 377 768 438 hoc
782 377 941 453 imponere
957 377 1080 455 mensis,

317 466 379 525 Nec
398 464 513 525 violant
525 463 621 524 thaidi
635 461 774 538 piscibus
789 476 843 522 ora
858 459 940 539 Syri.

430 595 479 659 re.
509 595 613 656 anu
655 592 705 656 17.
734 593 962 670 novinae

212 727 263 782 sta
277 716 419 776 Proxuma
434 715 485 774 lux
500 728 600 774 vacua
615 719 671 771 est.
700 720 732 771 et
745 712 834 772 tertia
847 711 928 771 dicta
943 711 1076 784 Quirino.

316 797 370 874 Qui
383 804 464 858 tenet
477 797 538 858 hoo
552 810 678 870 nomen,
693 795 843 856 Romulus
856 803 926 855 ante
941 795 1009 855 fuit:

275 883 347 944 Sive
363 881 445 957 quod
460 881 549 940 hasta
563 879 644 939 curis
659 879 769 954 priscis
786 886 834 939 est
845 878 929 938 diota
943 877 1075 952 Sabinis,

314 965 444 1025 Bellicus
460 964 553 1024 a‘telo
568 963 651 1023 venit
664 964 693 1020 in
709 969 791 1023 astra
806 963 898 1022 deus:

276 1049 348 1112 Sive
363 1064 419 1110 suo
434 1048 498 1123 regi
512 1062 624 1107 nomen
638 1061 774 1122 posuere
790 1045 935 1120 Quirites:

210 1141 263 1196 480
318 1133 379 1194 Seu
398 1132 469 1208 quia
482 1130 629 1192 Romanis
643 1130 784 1190 iunxerat
796 1129 847 1190 ille
862 1127 966 1190 cures.

275 1217 349 1276 Nam
365 1221 450 1290 pater
465 1215 652 1290 armipotens
669 1223 834 1289 postquam
848 1228 931 1273 nava
944 1211 1066 1273 moenia
1079 1211 1143 1272 ulit

316 1299 475 1373 Multaque
484 1298 634 1359 Romulea
648 1298 729 1358 bella
743 1302 867 1373 peracta
881 1311 983 1372 manu,

275 1382 445 1457 ‘luppiteq’
459 1381 557 1456 inquit
570 1381 674 1442 ‘habet
687 1383 825 1441 Romanu
840 1380 976 1457 potentia
996 1379 1092 1442 viresr

314 1465 476 1540 Sanguinis
492 1465 595 1527 officio
611 1463 671 1526 non
689 1472 759 1540 eget
771 1465 824 1526 illa
837 1465 905 1524 mei.

209 1563 261 1619 485
276 1549 384 1610 Redde
402 1551 478 1625 patri
492 1555 605 1610 uatum.
636 1549 775 1624 quamvis
794 1547 946 1610 intercidit
965 1549 1051 1622 alter,

314 1633 372 1693 Pro
387 1649 423 1693 se
436 1648 555 1708 proque
568 1635 664 1694 Remo
681 1633 734 1706 qui
748 1631 820 1692 mihi
834 1638 944 1704 restat,
960 1632 1026 1692 erit

274 1718 383 1778 “Unus
399 1717 467 1792 erit,
483 1733 574 1792 quem
587 1724 620 1778 tu
635 1717 723 1776 tolles
739 1717 769 1776 in
780 1717 902 1778 caerula
916 1716 1018 1776 caeli’'

313 1803 358 1862 Tu
373 1800 444 1861 mihi
459 1801 573 1862 dixisti.
603 1802 664 1860 sint
676 1807 742 1860 rata
762 1801 845 1862 dicta
858 1799 963 1860 lovis!

273 1885 411 1960 luppiter
424 1891 578 1946 annuerat
607 1891 681 1944 nutu
694 1886 888 1946 tremefactus
902 1890 1033 1959 uterque

210 1973 262 2030 490
313 1967 369 2028 Est
382 1969 488 2044 polae,
509 1975 539 2028 et
553 1968 627 2028 caeli
643 1969 783 2044 pondera
797 1969 892 2029 movit
904 1967 1001 2028 Atlas.

273 2052 327 2111 Est
340 2052 443 2126 locus,
460 2052 574 2126 antiqui
587 2052 721 2127 Capreae
737 2052 843 2112 dixere
857 2052 1016 2128 paludems

318 2134 405 2195 Forte
418 2135 477 2194 tuis
492 2134 567 2209 illic,
583 2136 729 2210 Romule,
744 2137 812 2196 iura
827 2135 934 2196 dabas.
1183 2201 1184 2208 1

274 2215 328 2276 Sol
342 2217 431 2291 fugit,
452 2223 482 2276 et
495 2225 654 2279 removent
668 2218 831 2280 subeuntia
844 2218 948 2282 nubila
962 2219 1092 2293 metum,
1183 2211 1184 2300 1

313 2300 351 2360 Et
365 2300 468 2376 gravis
483 2299 589 2363 effusis
605 2302 718 2363 decidit
731 2302 828 2362 imber
841 2302 941 2378 aquis.

208 2385 259 2440 tet
274 2383 352 2445 ilinc
368 2392 464 2459 tonat,
480 2385 550 2446 hinc
564 2386 668 2446 missis
683 2385 873 2462 abrumpitur
887 2384 1009 2462 ignibus
1025 2385 1128 2446 aether

313 2469 361 2530 lut
374 2471 456 2544 luga.
484 2485 539 2528 rex
555 2470 660 2545 patriis
676 2476 758 2530 astra
773 2470 895 2544 petebat
910 2469 1007 2546 equis.
1181 2543 1182 2546 1

272 2553 386 2614 Luctus
402 2559 480 2627 erat,
497 2553 656 2629 falsaeque
672 2560 774 2628 patres
790 2554 820 2614 ia
838 2554 962 2614 crimine
980 2551 1105 2614 caedis:

314 2636 533 2710 Haesissetque
548 2637 656 2697 animis
672 2637 799 2698 forsitan
815 2637 866 2696 illa
880 2638 972 2699 iidcs=

273 2717 335 2777 Sed
348 2719 494 2778 Proculm
507 2718 614 2794 Itonga
631 2721 774 2782 veniebat
786 2721 881 2783 lulius
894 2721 981 2793 trba,

207 2812 259 2865 500
314 2801 461 2876 Lunaque
477 2801 626 2877 fulgebat,
643 2819 700 2864 nec
715 2805 793 2866 facis
808 2821 883 2868 usus
899 2810 971 2877 erat,

273 2883 347 2945 Cum
362 2885 461 2945 subito
477 2893 561 2946 motu
576 2903 688 2963 saepes
703 2897 854 2950 tremuere
868 2889 1010 2952 sinistrae
1179 2907 1180 2998 1

313 2967 436 3028 Rettulit
450 2969 500 3028 ille
514 2972 644 3044 modus,
662 2972 905 3049 ltorrueruntque
920 2987 1064 3034 comae...

269 3050 397 3112 Pulcher
411 3059 442 3113 et
456 3053 589 3114 humano
605 3057 702 3118 maior
716 3057 882 3133 trabeaque
897 3056 1034 3120 decorus
1178 3077 1179 3172 1

311 3136 457 3198 Romulus
476 3137 505 3196 ln
521 3139 623 3198 media
638 3141 723 3201 visus
738 3141 851 3204 adesse
869 3140 929 3212 via,

206 3225 257 3280 605
271 3217 309 3278 Et
326 3219 443 3280 dixisse
458 3220 547 3281 simul
569 3221 711 3284 ‘Prohibe
726 3223 985 3299 ingerebamus,

308 3303 371 3363 Nec
383 3303 499 3364 violent
512 3305 645 3367 lacrimis
657 3309 781 3368 numina
795 3313 902 3368 nostre
916 3308 992 3368 suis.

269 3387 349 3447 Tura
363 3387 475 3461 ferant,
491 3388 673 3466 placentque
687 3408 801 3466 novum
816 3391 868 3466 pia
881 3391 970 3452 turba
984 3389 1158 3464 Quirinum,

312 3471 348 3529 Et
362 3471 476 3547 patrias
492 3479 573 3534 artes
589 3473 785 3551 militiamque
800 3475 924 3536 uolent!

1164 3705 1175 3897 l
