2372 3928
390 229 428 303 ss,
454 227 630 293 ici—842.
737 285 740 289 .
954 231 1015 296 243

14 393 66 448 805
80 385 178 444 instat
192 393 299 442 amans
314 381 412 442 hostis
430 381 581 456 precibus
606 383 773 458 pretioque,
795 384 961 460 minisque·

121 466 186 527 Nec
200 482 302 542 prece,
318 481 375 526 nec
392 465 496 541 pretio,
516 481 573 524 nec
588 473 690 526 movet
704 467 754 526 ille
768 468 868 530 minis.

80 551 141 610 ‘Nil
156 551 238 626 agist
261 549 400 625 eripiam’
416 549 492 608 dixit
506 553 575 624 ‘per
590 549 714 610 crimina
728 551 836 612 vitam:
909 572 912 576 ·

120 633 230 694 Falsus
245 633 386 695 adulterii
405 633 491 694 testis
507 634 626 694 adulter
641 650 703 694 ero.

80 719 255 778 Interimam
269 719 429 791 lauritium,
453 731 521 777 cum
537 733 597 792 quo
614 717 768 792 deprensa
783 720 912 780 fereris!

14 809 67 863 810
123 801 289 866 Succubuit
311 801 409 860 lamae
424 801 504 860 victa
519 801 621 876 puella
634 809 725 862 metu.

82 885 177 961 Quid,
200 885 310 961 victor,
333 886 473 960 gaudest
492 884 569 945 baec
585 892 613 945 te
627 886 755 947 victoria
768 887 885 963 perdet.

122 969 191 1030 Heu
206 975 319 1044 quanto
332 969 436 1043 regnis
451 985 514 1030 nox
531 969 613 1028 stetit
627 987 687 1030 una
701 971 776 1032 tuis!

79 1055 207 1127 lamque
223 1059 290 1114 erat
304 1059 371 1112 orta
386 1053 463 1113 dies.
499 1053 603 1128 passis
620 1054 709 1116 sedet
722 1055 774 1114 illa
789 1055 917 1130 capillis,

121 1139 162 1198 Ut
177 1139 256 1198 solet
271 1137 311 1196 ad
327 1136 389 1197 nati
403 1143 500 1198 maier
515 1137 592 1199 itura
605 1152 731 1212 rogum=

15 1226 65 1282 815
81 1220 359 1296 Grandaevumque
374 1228 492 1296 patrem
505 1219 568 1280 fido
585 1236 654 1281 cum
669 1222 800 1298 coniuge
816 1221 923 1284 castris

119 1305 247 1365 Evocat.
283 1311 314 1365 et
328 1303 430 1380 posita
445 1304 527 1364 venit
541 1311 670 1382 uterque
684 1321 781 1366 mora.

77 1389 184 1464 thue
198 1387 303 1450 vident
316 1388 467 1462 habitum,
491 1404 570 1464 quae
586 1391 687 1450 luctus
702 1405 812 1464 causa,
828 1388 996 1468 requirunt,

123 1471 177 1532 Cui
193 1478 279 1548 paret
293 1472 460 1546 exequias,
485 1487 588 1549 quove
604 1473 643 1532 sit
657 1473 716 1533 icta
731 1473 835 1534 maloi

79 1557 138 1616 1118
152 1555 205 1616 diu
218 1557 338 1630 reticet,
361 1555 605 1632 pudibundaque
623 1558 702 1618 celat
715 1555 826 1617 amictu

16 1651 67 1705 810
125 1637 194 1700 Ora.
225 1637 323 1719 fluunt
336 1640 479 1700 lacrimae
493 1656 579 1701 more
594 1641 738 1716 perennis
753 1655 862 1715 aquae.

79 1724 160 1784 Hinc
175 1731 276 1798 pater,
297 1723 368 1784 hinc
383 1724 516 1784 coniunx
532 1725 673 1786 lacrimas
689 1726 841 1800 solantur,
863 1731 893 1784 81
907 1731 994 1785 orant

121 1801 254 1882 indicet,
276 1815 306 1868 et
320 1821 412 1868 caeco
428 1806 563 1884 lienique
578 1815 752 1884 paventque
767 1816 857 1868 metu.

79 1891 141 1952 Ter
155 1896 265 1951 conata
278 1892 378 1967 loqui,
399 1898 445 1952 ter
459 1892 582 1953 destitit.
616 1907 754 1967 ausaque
770 1899 890 1968 quarto,

123 1973 192 2034 Non
212 1975 319 2036 oculos
333 1975 404 2035 ideo
420 1977 541 2036 sustulit
556 1976 607 2036 illa
622 1991 707 2038 suos.

14 2067 63 2123 815
79 2059 161 2120 ‘Hoc
177 2075 300 2134 quoque
315 2059 478 2136 Tarquinio
493 2058 695 2121 debebimusi
715 2060 863 2134 eloquar,’
879 2058 984 2135 inquit,

124 2141 272 2217 eEloquar
286 2143 390 2203 infelix
406 2143 543 2204 dedecus
557 2144 628 2219 ipsa
641 2147 778 2204 moumt’

80 2227 230 2301 Quaeque
243 2233 360 2302 potest,
383 2233 494 2286 narrat.
530 2227 687 2288 restabant
705 2228 821 2288 ultima.
860 2225 953 2300 ilevit,

121 2311 162 2370 Et
175 2312 359 2372 matronales
374 2311 524 2372 crubuere
539 2327 647 2386 genae.

77 2395 163 2455 Dant
176 2395 295 2455 veniam
310 2395 391 2455 iacto
406 2395 525 2470 genitor
540 2395 736 2470 coniunxque
753 2401 886 2455 coactae.

10 2488 60 2543 880
123 2477 244 2552 ‘Quam’
260 2479 337 2540 dixit
350 2478 483 2539 ‘veniam
498 2496 556 2541 vos
572 2480 666 2554 datis,
687 2479 758 2554 ipsa
772 2481 875 2553 nego!

76 2564 146 2624 Nec
161 2579 260 2635 mora,
283 2564 381 2624 celato
397 2563 464 2624 fixit
478 2579 536 2624 sua
550 2571 678 2640 pectora
692 2563 782 2634 terro,

120 2648 160 2706 Et
178 2647 258 2708 cadit
271 2647 302 2707 in
317 2647 434 2722 patrios
451 2648 684 2724 sanguinulenta
699 2645 806 2722 pedes.

74 2733 166 2794 Tunc
179 2746 310 2807 quoque,
327 2731 387 2791 iam
397 2731 541 2806 moriens,
557 2748 595 2791 ne
606 2748 669 2793 non
681 2730 863 2807 procumbat
872 2729 1010 2806 honesto,

120 2815 269 2890 Respicit.
302 2815 380 2875 baec
403 2815 493 2875 etiam
507 2831 580 2876 cura
600 2815 738 2876 cadentis
753 2822 828 2876 erat.

9 2909 55 2966 835
71 2901 163 2960 Ecce
178 2915 272 2975 super
286 2915 400 2976 corpus
417 2899 589 2960 communia
604 2899 716 2959 damna
729 2904 896 2973 gementes,

119 2983 212 3044 Obliti
228 2983 366 3058 decoris,
381 2983 490 3060 virque
505 2990 653 3059 paterque
668 2981 777 3042 iacent.

68 3071 192 3130 Brutus
206 3069 310 3143 adest,
330 3068 515 3144 tandemque
530 3067 630 3127 animo
646 3080 703 3126 sua
716 3065 841 3126 nomina
854 3063 939 3140 fallit,

115 3152 259 3228 Fixaque
278 3152 448 3213 semianimi
464 3167 595 3227 corpore
610 3151 669 3210 tela
683 3149 770 3226 rapit,
835 3217 838 3224 ss
860 3189 862 3191 -

69 3239 313 3313 Stillantemque
331 3244 440 3298 tenens
454 3234 772 3311 generososanguine
787 3233 912 3294 cultrum

5 3333 53 3389 iio
113 3321 224 3382 Edidit
238 3321 412 3397 impavidos
428 3335 481 3380 ore
496 3319 629 3380 minante
644 3333 757 3378 sonos:

68 3409 152 3468 ‘Per
171 3405 223 3464 tibi
238 3422 296 3481 ego
312 3405 394 3466 hunc
408 3406 473 3465 iuro
490 3405 598 3464 iortem
614 3408 793 3475 castumque
808 3413 957 3473 cruorem,

114 3491 242 3564 Perque
256 3497 327 3550 tuos
342 3505 463 3564 manes,
480 3489 531 3564 qui
543 3486 615 3546 mibi
630 3501 740 3577 numen
750 3491 849 3631 fgqnt,
