2394 3940
205 252 266 319 106
643 249 789 312 IBIDIS

330 405 469 479 corpora
483 417 552 462 eum
567 400 652 462 senis
667 401 763 462 altera
777 417 853 463 sena
867 417 991 478 rogum.
1067 451 1070 455 .

222 495 277 552 ³75
292 487 329 549 Ut
346 503 443 562 quos,
461 485 586 547 obscuri
600 487 700 546 victos
715 485 896 560 ambagibus
912 488 985 558 oris,

329 571 473 646 Legimus
487 569 631 629 infandae
646 568 785 644 Sphinga
800 569 926 630 dedisse
940 568 1025 629 neela
1093 599 1097 609 ·

287 655 327 716 Ut
342 655 395 728 qui
409 652 568 713 Bistoniae
581 654 695 728 templo
711 651 852 712 cecidere
865 653 1036 725 Minervae,

327 737 456 813 Propter
470 736 557 810 quod
572 737 666 796 iacies
681 750 763 796 nunc
778 751 904 809 quoque
919 751 1013 796 versa
1028 736 1107 796 deae
1122 743 1174 794 est:

288 823 329 884 Ut
343 822 395 896 qui
409 819 539 879 Threicii
555 820 712 892 quondam
727 820 891 894 praesepia
903 818 985 894 regis

220 915 277 971 380
332 905 483 966 Fecerunt
497 902 629 978 dapibus
644 902 879 978 sanguinolenta
892 903 974 963 suis:

285 988 566 1048 Therodamanteos
580 994 614 1046 ut
629 985 682 1061 qui
696 1000 824 1046 sensere
839 987 961 1047 leones:

329 1070 448 1146 Quique
462 1069 637 1130 Thoanteae
650 1069 780 1130 Taurica
793 1085 884 1131 sacra
897 1070 990 1129 deae=

285 1156 326 1217 Ut
340 1169 420 1228 quos
436 1151 542 1230 Scylla
556 1169 672 1225 vorax,
688 1151 876 1228 Scyllaeque
896 1153 1032 1213 adversa
1047 1151 1187 1228 Charybdi:

329 1235 489 1298 Dulichiae
504 1236 636 1311 pavidos
651 1235 792 1311 eripuere
806 1235 878 1296 rati:

216 1329 272 1383 385
286 1322 328 1383 Ut
341 1335 422 1393 quos
437 1319 559 1379 demisit
572 1327 694 1380 vastam
707 1319 917 1397 Polyphemus
932 1319 963 1378 in
978 1319 1099 1380 alvum:

328 1404 368 1465 Ut
381 1403 621 1480 Laestrygonias
638 1404 691 1478 qui
705 1402 828 1463 subiere
843 1419 969 1463 manus:

285 1487 326 1547 Ut
340 1501 420 1560 quos
436 1486 501 1546 dux
513 1486 637 1547 Poenus
651 1486 757 1546 mersit
771 1486 945 1561 putealibus
959 1486 1064 1558 undis,

326 1570 364 1630 Et
378 1570 457 1630 iacto
473 1586 568 1630 canas
584 1571 710 1644 pulvere
725 1570 796 1630 lecit
810 1586 918 1644 aquas.

287 1653 349 1715 Sex
363 1653 412 1712 bis
431 1660 465 1712 ut
479 1653 617 1714 Icaridos
633 1654 766 1713 famulae
781 1653 900 1728 periere
915 1652 1076 1727 prociquc,

217 1752 274 1807 ³90
329 1738 429 1810 Inque
444 1743 537 1811 caput
550 1736 666 1796 domini
682 1738 736 1811 qui
750 1737 844 1797 dabat
858 1753 943 1796 anna
958 1738 1079 1811 precisa

285 1821 326 1882 Ut
339 1822 418 1880 iacet
431 1821 534 1882 Aonio
550 1819 682 1881 luctator
696 1819 734 1880 ab
749 1819 873 1894 hospite
889 1821 986 1892 lusus,
1031 1845 1033 1848 ·
1104 1891 1106 1894 ,
1186 1887 1187 1902 ¹

327 1903 415 1978 Qui...
430 1903 569 1964 mirum...
585 1904 698 1978 victor,
715 1919 784 1965 cum
799 1904 978 1975 cecidisset,
994 1910 1076 1964 erata

282 1987 323 2047 Ut
338 2002 418 2061 quos
432 1987 543 2048 Antaei
559 1987 655 2048 fortes
671 2002 816 2062 pressere
831 1988 951 2047 lacerli=

327 2071 475 2145 Quosque
491 2071 575 2129 ierae
590 2071 679 2131 morti
693 2071 819 2131 Lemnia
832 2071 924 2132 turba
939 2070 1041 2130 dedita

213 2167 270 2221 395
285 2154 325 2214 Ut
340 2152 393 2227 qui
408 2159 480 2226 post
494 2153 635 2228 longum,
653 2155 733 2214 sacri
749 2161 935 2215 monstrator
948 2153 1055 2228 iniqui,

325 2236 436 2296 Elicuit
449 2236 571 2311 pluvias
586 2237 710 2300 victima
724 2254 836 2298 caesus
851 2254 967 2312 aquas:

279 2321 385 2382 Frater
398 2326 431 2379 ut
443 2319 553 2381 Antaei
569 2337 631 2396 quo
648 2322 797 2397 sanguine
811 2321 931 2392 debuit,
948 2337 1019 2381 aras

321 2403 429 2476 Tinxit,
445 2409 476 2463 et
490 2406 639 2481 exemplis
655 2405 767 2467 occidit
781 2405 850 2480 ipse
866 2405 948 2464 suis:

279 2487 318 2548 Ut
333 2488 386 2563 qui
401 2488 549 2548 terribiles
564 2506 621 2565 pro
636 2505 761 2564 gramen
776 2487 961 2548 habentibus
976 2485 1081 2547 herbis
1182 2557 1183 2560 Ἴ

214 2578 269 2633 400
324 2573 441 2648 Impius
456 2571 590 2633 humano
605 2574 726 2634 viscere
741 2571 825 2648 pavit
839 2588 956 2647 equos:

278 2656 318 2717 Ut
332 2657 395 2716 duo
411 2656 545 2715 diversis
560 2655 618 2714 sub
635 2657 745 2716 eodem
759 2656 883 2717 vindice
899 2655 982 2714 caesi

320 2736 509 2798 Vulneribus
524 2738 658 2812 Nessus,
674 2741 906 2814 Dexamenique
919 2755 1031 2814 gener:

277 2821 318 2882 Ut
334 2835 506 2894 pronepos,
524 2819 670 2895 Saturne,
686 2830 773 2896 tuus,
789 2840 882 2898 quem
896 2824 1028 2884 reddere
1041 2823 1131 2882 vitam

320 2902 403 2963 Urbe
418 2903 589 2965 Coronides
603 2906 679 2966 vidit
693 2908 731 2968 ab
748 2906 816 2981 ipse
830 2923 903 2968 sua:
1180 2905 1181 2960 l

212 2986 265 3042 loo
278 2987 320 3048 Ut
333 2986 414 3047 Sinis
430 2993 461 3047 et
475 2986 582 3050 Sciron
599 2997 629 3050 et
642 3006 712 3051 cum
725 2990 936 3068 Polypemone
950 2998 1059 3051 nolus:
1179 3041 1180 3060 ,

318 3070 437 3146 Quique
451 3071 544 3133 homo
562 3082 647 3149 parte
661 3075 725 3146 sui,
744 3082 828 3149 parte
844 3075 994 3136 iuvencus
1009 3080 1088 3134 erat:
1179 3069 1180 3128 l

276 3153 395 3228 Quique
408 3156 510 3218 trabes
526 3173 652 3232 pressas
667 3158 705 3218 ab
721 3158 814 3218 humo
831 3159 967 3218 mittebat
979 3158 1009 3217 ln
1026 3171 1130 3217 auras=

315 3239 470 3312 Aequoris
487 3242 640 3314 aspiciens
657 3242 749 3302 huius
766 3248 796 3300 et
809 3240 901 3303 huius
917 3257 1033 3316 aquas:

274 3321 421 3418 Quaeque
436 3323 527 3382 Ceres
543 3325 622 3384 laeto
637 3326 713 3414 uidit
728 3327 887 3399 pereuntia
901 3325 988 3386 vultu

206 3413 262 3468 llo
318 3407 455 3480 Corpora
469 3405 588 3467 Thesea
603 3407 784 3487 Cercyonea
798 3424 900 3469 manu.

273 3488 357 3550 llaec
371 3488 439 3563 tihi,
457 3503 549 3564 quem
564 3491 677 3552 meritis
694 3491 838 3567 precibus
853 3508 923 3553 mea
936 3491 1074 3551 devovet
1087 3487 1139 3557 im,
1174 3479 1177 3627 l
