2394 3940
191 235 255 300 108
629 228 773 291 IBlDIS

210 401 264 452 450
320 385 415 446 Cuius
432 384 470 444 ab
485 384 601 444 inferiis
617 383 713 443 culter
728 381 841 442 abesse
856 381 945 442 solet

273 469 493 542 Attonitusque
507 483 612 540 seces,
629 473 663 528 ut
677 481 758 540 quos
774 463 919 540 Cybeleia
931 471 1033 524 mater

317 552 438 622 Incitat,
456 553 497 610 ad
510 551 663 629 Phrygios
678 549 753 610 vilia
766 547 902 608 membra
915 547 1042 608 modos.

274 638 383 710 Deque
397 637 465 694 viro
481 635 539 696 iias
554 643 612 694 nec
626 633 739 694 lemine
752 647 810 692 nec
826 631 887 704 vir,
902 638 935 692 ut
948 632 1056 708 Altys,

270 752 274 758 -
315 719 354 780 Et
369 718 490 794 quatias
505 719 590 778 molli
604 725 752 796 tympana
765 730 861 776 rauca
875 731 977 776 manu

210 812 263 868 aas
278 803 375 877 Inque
390 817 490 878 pecus
503 801 604 862 subito
620 802 751 874 Magnae
764 805 885 859 vertare
900 797 1048 874 parentis,

314 885 423 946 Victor
436 891 470 946 ut
483 892 531 945 est
547 885 639 945 celeri
655 884 797 958 victaque
810 897 902 941 versa
916 881 1007 957 pede.

274 968 411 1043 Solaque
425 969 552 1029 Limone
568 983 701 1044 poenam
715 981 754 1026 ne
769 966 904 1026 senserit
916 965 1009 1038 illam,

314 1053 353 1112 Et
365 1059 418 1113 tua
432 1052 523 1111 dente
537 1052 603 1113 fero
623 1049 745 1112 viscera
760 1055 866 1124 carpat
879 1063 992 1122 equus.

275 1137 335 1195 Aut
349 1143 382 1196 ut
396 1135 608 1209 Casandreus,
624 1133 749 1195 domino
765 1149 827 1192 non
842 1132 942 1192 milior
954 1133 1022 1205 illo,

210 1227 264 1282 460
321 1218 453 1279 Saucius
468 1219 589 1294 ingesta
600 1217 819 1279 contumuleris
833 1215 936 1276 humo.

272 1302 335 1362 Aut
349 1308 382 1362 ut
395 1301 599 1374 Abantiades,
617 1309 670 1362 aut
687 1308 722 1362 ut
736 1301 893 1378 Cygneius
906 1299 1010 1370 heros,

316 1385 446 1446 Clausus
461 1386 492 1445 in
506 1401 680 1461 aequoreas
696 1383 908 1460 praecipiteris
922 1399 1035 1457 aquas

273 1469 405 1528 Victima
424 1469 472 1528 vel
484 1468 610 1530 Phoebo
627 1483 732 1529 sacras
748 1467 889 1528 macteris
904 1467 945 1526 ad
959 1482 1042 1537 aras,

313 1553 410 1625 Quam
425 1553 492 1612 tulit
506 1571 524 1611 a
540 1567 634 1612 saevo
650 1552 828 1612 Theudotus
844 1551 934 1611 hoste
948 1564 1070 1610 necem.

207 1653 259 1707 465
273 1635 337 1697 Aut
352 1643 381 1696 te
396 1637 548 1696 devoveat
564 1636 654 1696 certis
668 1635 794 1696 Abdera
813 1634 933 1706 diebus,

318 1719 465 1794 Saxaque
480 1721 627 1780 devotum
641 1719 789 1793 grandine
804 1719 894 1793 plura
908 1723 1024 1792 petant.

272 1804 336 1864 Aul
351 1805 434 1864 lovis
454 1805 557 1863 infesti
572 1803 633 1862 telo
649 1803 760 1862 feriare
774 1803 912 1874 trisulco,

311 1888 352 1949 Ut
366 1894 453 1948 satus
468 1885 650 1963 Hipponoo,
665 1885 896 1960 Dosithoesque
912 1887 1007 1958 pater.

272 1970 311 2030 Ut
325 1986 415 2031 soror
427 1973 604 2045 Autonoes,
620 1976 653 2030 ul
667 1969 716 2030 cui
731 1976 892 2040 matertera
905 1968 988 2028 Maia
1001 1974 1066 2029 est:

208 2063 262 2120 470
316 2055 356 2115 Ul
369 2061 484 2113 temere
499 2062 623 2129 optatas
640 2055 692 2129 qui
706 2054 785 2112 male
799 2051 878 2112 rexit
892 2067 1008 2127 equos:

273 2136 313 2197 Ut
326 2137 410 2197 ierus
425 2137 591 2210 Aeolides,
606 2143 641 2197 ut
654 2137 803 2212 sauguine
818 2142 907 2198 natus
923 2135 1046 2208 eodem,

313 2219 378 2292 Quo
394 2219 495 2294 genita
510 2228 558 2281 est
571 2219 697 2295 liquidis
713 2235 793 2294 quae
808 2226 891 2281 caret
904 2220 1017 2280 Arctos
1034 2219 1141 2294 aquis.

273 2301 310 2362 Ut
324 2303 452 2363 Macedo
467 2305 584 2380 rapidis
599 2305 659 2364 icta
673 2311 720 2364 est
734 2319 804 2364 cum
821 2303 952 2377 coniuge
966 2299 1111 2376 flammis,
1162 2336 1166 2344 ·

313 2386 378 2460 Sic,
395 2402 520 2462 precor,
537 2387 663 2450 aetherii
680 2387 811 2448 vindicis
825 2387 897 2462 igne
912 2385 1016 2446 cadas

206 2475 258 2531 475
273 2469 454 2546 Praedaque
469 2473 514 2532 sis
526 2471 608 2552 illis,¹
618 2473 731 2546 quibus
747 2476 795 2530 est
805 2471 934 2531 Latonia
947 2471 1046 2530 Delos

310 2556 392 2616 Ante
407 2555 488 2615 diem
502 2563 590 2630 rapto
606 2571 667 2615 non
683 2555 826 2615 adeunda
839 2553 958 2614 Thaso=

271 2638 390 2712 Quique
405 2639 600 2698 verecundae
615 2638 825 2713 speculantem
839 2638 927 2698 labra
940 2635 1072 2710 Dianae,

308 2720 428 2795 Quique
444 2722 648 2796 Crotopiaden
665 2722 820 2796 diripuere
834 2721 952 2782 Linum.

270 2803 355 2862 Neve
367 2811 519 2864 venenato
534 2804 634 2865 levius
650 2806 769 2866 feriaris
784 2805 824 2866 ab
838 2819 947 2879 angue,

201 2886 255 2942 480
310 2886 406 2960 Quam
425 2888 509 2948 senis
525 2887 634 2963 Oeagri
651 2890 868 2965 Calliopesque
885 2903 998 2950 nurus:

270 2969 367 3043 Quam
381 2987 459 3045 puer
472 2973 681 3051 Hypsipyles,
698 2990 790 3048 quam
806 2972 860 3048 qui
875 2987 952 3032 cava
967 2970 1090 3046 primus
1116 2977 1189 3031 aaut

311 3053 447 3128 Cuspide
462 3059 599 3131 suspecti
613 3057 728 3118 robora
741 3057 808 3116 fixit
821 3055 905 3132 equi.

267 3137 352 3197 Neve
363 3140 479 3213 gradus
495 3141 591 3200 adeas
605 3141 761 3216 Elpenore
776 3140 895 3202 cautius
910 3140 1000 3214 altos,

308 3221 442 3297 Vimque
458 3225 539 3284 ieras
554 3225 632 3298 vini,
648 3241 711 3298 quo
726 3223 794 3286 tulit
807 3224 858 3284 ille
872 3223 976 3283 modo.
1073 3224 1189 3301 [conten

201 3310 255 3368 485
268 3303 405 3380 Tamque
420 3307 514 3368 cadas
530 3309 680 3382 domitus,
703 3323 796 3382 quam
818 3306 961 3383 quisquis
981 3305 1024 3364 ad
1048 3322 1139 3366 arma
1152 3319 1187 3361 vn

309 3389 390 3449 Iuvit
403 3389 601 3464 inhumanum
615 3391 836 3452 Thiodamanta
850 3393 993 3468 Dryops:

266 3473 363 3548 Quam
379 3473 462 3534 ierus
477 3475 546 3550 ipse
561 3490 618 3535 suo
633 3475 723 3550 periit
736 3482 885 3536 mactatus
900 3475 931 3532 in
946 3475 1035 3532 antro
