2372 3928
216 239 279 306 164
617 237 676 297 EX
694 234 841 297 PONTO

256 404 290 456 45
302 395 431 464 Nomina
445 406 506 452 neu
518 393 649 452 referam
663 389 789 462 longum
805 388 935 466 collecta
949 405 1007 466 per
1021 405 1147 466 aevum,

341 476 498 553 Discipulo
515 475 592 551 ponii
606 473 693 534 solus
708 470 747 531 ab
762 471 831 546 ipse
846 487 926 532 meo.

298 563 377 622 Dum
394 560 502 620 damus
520 575 604 620 arma
618 556 682 629 tibi,
705 555 778 617 dum
793 562 832 625 te,
857 556 984 629 lascive,
1005 557 1168 630 docemus,

340 645 423 705 llaec
439 650 469 702 te
484 643 636 718 discipulo
653 641 736 700 dona
749 640 898 714 magister
911 639 1014 701 habet.

300 729 368 790 Scis
383 735 494 802 tamen,
516 734 549 787 ut
564 724 681 802 liquido
697 724 814 784 iuratus
831 724 935 783 dicere
949 723 1069 801 possis,

256 830 292 882 50
344 813 409 873 Non
425 827 475 872 me
488 811 639 887 legitimos
655 807 839 868 sollicitasse
852 815 948 869 toros.

302 897 487 973 scripsimus
503 896 580 956 haec
595 893 671 969 istis,
690 909 820 967 quarum
835 907 893 952 noc
906 893 981 952 vitta
997 894 1135 968 pudicos

340 981 492 1055 contingit
506 980 615 1054 crines,
638 992 695 1038 nec
710 978 791 1037 stola
804 977 896 1051 longa
913 977 1020 1054 pedes.

299 1068 363 1140 llic,
385 1079 504 1142 precor,
527 1062 689 1139 ecquando
705 1059 840 1121 didicisti
855 1060 960 1120 tallere
975 1070 1100 1139 nuptaS,

341 1149 378 1208 Et
393 1150 494 1209 lacere
509 1149 658 1210 incertum
673 1161 730 1221 per
744 1160 813 1204 mea
827 1145 913 1205 iussa
927 1153 1049 1220 genus?

258 1243 292 1297 55
303 1235 351 1292 Aa
367 1232 406 1292 sit
420 1230 458 1290 ab
473 1232 521 1292 his
538 1232 636 1293 omnis
651 1229 749 1306 rigide
764 1236 914 1290 summota
929 1229 1050 1304 libellis,

343 1316 439 1388 Quam
452 1317 502 1375 lex
519 1315 646 1376 furtivos
663 1319 746 1374 arcet
760 1312 875 1372 habere
890 1313 998 1373 viros't

301 1399 379 1475 Quid
393 1407 493 1460 tamen
508 1399 570 1460 hoc
584 1399 721 1475 prodest,
744 1397 827 1459 vetiti
842 1396 870 1458 si
884 1399 954 1473 lege
968 1412 1082 1458 severa

342 1484 458 1544 credor
475 1482 614 1544 adulterii
630 1482 847 1558 composuisse
861 1489 973 1542 notasi

300 1571 341 1629 nt
355 1577 418 1629 tu...
435 1568 480 1628 sic
496 1568 612 1629 habeas
628 1567 771 1627 lerientes
791 1572 900 1627 cuncta
914 1567 1054 1642 sagittas,

258 1661 293 1716 60
346 1652 398 1714 Sic
412 1669 577 1729 numquam
592 1651 703 1727 rapido
718 1651 878 1726 lanrpades
892 1651 963 1726 igne
977 1659 1109 1711 vacent:

301 1737 352 1798 Sic
370 1745 457 1813 regat
472 1735 632 1814 imperium
646 1743 807 1810 terrasque
821 1741 963 1796 coerceat
978 1750 1089 1796 omnes

343 1822 464 1896 Caesar,
485 1821 523 1882 ab
537 1821 646 1882 Aenea
661 1820 711 1896 qui
726 1819 781 1880 tibi
796 1819 887 1880 fratre
901 1835 1034 1897 nepos...
1083 1849 1085 1852 >

299 1906 405 1980 Effice,
429 1905 467 1966 sit
481 1903 570 1966 nobis
586 1920 648 1965 non
663 1903 853 1981 inplacabilis
868 1905 922 1979 ira,
1002 1939 1008 1946 ·

340 1990 452 2066 Meque
467 1991 535 2050 loco
551 1989 641 2066 plecti
656 1989 865 2050 commodiore
879 1989 973 2050 velit!

247 2085 282 2140 65
296 2075 380 2135 Haec
395 2089 453 2148 ego
470 2075 555 2135 visus
572 2090 654 2134 eram
670 2091 765 2150 puero
782 2073 901 2135 dixisse
915 2073 1042 2136 volucri.

340 2158 405 2218 Hos
420 2157 507 2218 visus
522 2157 611 2220 nobis
627 2158 677 2218 ille
692 2159 819 2220 dedisse
835 2174 947 2220 sonos=

300 2241 369 2301 ‘Per
387 2257 455 2302 mea
470 2243 538 2318 tela,
561 2243 645 2302 laces
660 2249 690 2303 et
704 2259 759 2320 per
773 2259 842 2304 mea
855 2245 926 2317 tela,
946 2244 1087 2320 sagittas,
1183 2221 1184 2282 ¹

341 2326 399 2385 Per
414 2333 540 2387 matrem
554 2328 621 2387 iuro
637 2327 886 2404 Caesareumque
900 2336 999 2406 caput,

298 2411 345 2471 Nil
360 2410 419 2470 nisi
434 2427 617 2473 concessum
632 2427 690 2472 nos
704 2420 736 2472 te
750 2412 899 2474 didicisse
914 2414 1075 2490 magistro,

250 2499 286 2556 to
339 2494 465 2557 Artibus
481 2505 510 2558 et
524 2497 638 2558 nullum
653 2497 768 2558 crimen
782 2497 886 2559 inesse
900 2499 970 2559 tuis.

228 2635 231 2642 .
299 2582 399 2654 thue
415 2580 483 2656 hoo,
506 2582 552 2643 sic
566 2581 681 2643 utinam
698 2581 865 2642 defendere
880 2591 982 2643 cetera
996 2590 1129 2657 posses!

341 2663 409 2723 Scis
425 2665 517 2740 aliud,
541 2666 671 2740 quodie
687 2665 819 2741 laeserit
842 2681 922 2741 esse,
945 2667 1057 2742 magis.
1180 2689 1181 2760 l

299 2746 450 2822 Quicquid
464 2747 495 2806 id
511 2756 588 2821 est‚..
611 2749 806 2824 nequeenim
825 2751 917 2811 debet
931 2750 1021 2812 dolor
1037 2751 1091 2810 ille
1105 2751 1180 2810 relat

339 2831 406 2891 Non
422 2838 510 2906 potes
526 2849 546 2893 a
562 2835 653 2910 culpa
667 2828 774 2894 dicere
787 2835 899 2896 abesse
912 2842 974 2896 tua.
1179 2849 1180 2919 l

248 2921 282 2978 ib
295 2916 338 2974 Tu
354 2915 425 2976 licei
439 2917 552 2978 erroris
568 2917 627 2978 sub
641 2917 774 2992 imagine
788 2919 901 2980 crimen
918 2917 1099 2982 obumbres.

338 2999 404 3059 Non
421 3002 545 3074 gravior
558 3003 666 3063 merito
683 3001 815 3064 vindicis
830 3004 876 3064 ira
892 3004 956 3064 luit.

297 3084 337 3145 Ut
350 3091 451 3144 tamen
467 3087 638 3162 aspicerem
654 3089 895 3163 consolarerque
912 3088 1075 3158 iacentem,

338 3169 442 3244 Lapsa
456 3186 512 3246 per
526 3172 683 3232 inmensas
699 3177 747 3232 est
760 3171 833 3232 mihi
848 3173 942 3247 pinna
958 3171 1036 3231 vias.
1177 3171 1178 3238 l

297 3251 381 3312 Haec
397 3254 465 3314 loca
479 3261 541 3315 tum
555 3255 683 3332 primum
699 3255 772 3328 vidi,
796 3271 865 3317 oum
880 3261 977 3317 matre
991 3263 1127 3330 rogante
1176 3311 1177 3320 ,

248 3347 283 3400 80
336 3337 465 3399 Phasias
480 3345 527 3400 est
541 3339 609 3400 telis
626 3339 688 3400 fixa
703 3340 807 3415 puella
821 3340 909 3401 meis.
1176 3327 1177 3398 l

298 3422 382 3497 Quae
396 3439 477 3482 nunc
493 3438 548 3483 cur
561 3423 669 3484 iterum
683 3430 755 3500 post
769 3426 895 3486 saecula
909 3427 1004 3500 longa
1017 3423 1176 3485 revisant

339 3507 382 3565 Tu
398 3505 482 3580 lacis,
507 3522 525 3566 o
541 3507 650 3568 castris
665 3508 752 3569 miles
768 3509 867 3570 amice
881 3511 968 3570 meis.
