2450 3932
595 227 823 298 intertum

323 393 474 474 cycladas
488 393 632 469 Aegaeas
647 389 848 466 obstupuisse
863 395 946 466 puto.

280 479 353 554 lpse
368 493 425 554 ego
440 491 521 538 nunc
535 477 638 550 miror,
652 474 745 536 tantis
759 474 913 550 animique
927 472 1085 552 marisque

236 573 270 626 10
324 561 480 623 Fluctibus
495 561 650 637 ingenium
664 576 726 620 non
743 559 895 619 cecidisse
909 573 1019 618 meum.

281 645 344 707 Seu
358 654 467 722 stupor
480 643 551 706 huic
566 644 678 718 studio,
694 642 761 704 sive
776 649 824 703 est
837 641 958 703 insania
971 657 1094 716 nornen,

326 729 429 791 Omnis
445 730 484 790 ab
497 729 557 790 hac
572 745 645 790 cura
658 743 747 788 mens
761 729 896 787 relevata
910 742 978 786 mea
993 732 1049 786 est.

285 813 387 890 Saepe
402 829 459 889 ego
474 812 624 875 nimbosis
639 813 751 873 dubius
766 811 903 871 iactabar
918 811 956 870 ab
970 810 1098 885 Haedis,

328 897 430 975 Saepe
444 897 548 958 minax
562 897 711 972 Steropes
727 897 829 957 sidere
843 902 955 970 pontus
971 901 1045 968 erat,

240 992 272 1044 15
286 982 502 1057 fuscabatque
518 981 599 1042 diem
615 989 721 1042 custos
735 979 973 1056 Erymandridos
989 993 1092 1050 ursae,

319 1067 383 1126 Aut
395 1066 524 1144 Hyadas
540 1065 619 1126 seris
634 1065 779 1126 hauserat
793 1070 897 1124 auster
910 1063 1016 1139 aquis=

288 1149 390 1226 Saepe
403 1149 497 1210 maris
512 1165 586 1226 pars
601 1149 683 1209 intus
698 1156 772 1210 erat.
792 1155 893 1208 umen
907 1148 976 1222 ipse
990 1145 1134 1207 cementi

327 1233 467 1294 Carmina
480 1233 632 1296 ducebam
648 1233 882 1309 qualiacumque
895 1248 996 1292 manu.

284 1317 369 1378 Nunc
385 1333 511 1394 quoque
525 1318 659 1380 contenti
674 1317 805 1380 stridunt
818 1316 969 1392 aquilone
976 1316 1137 1386 rudentes,

239 1411 276 1464 to
329 1401 427 1478 Inque
441 1403 566 1464 modum
580 1402 686 1465 tumuli
700 1417 838 1464 concava
850 1401 949 1476 surgit
963 1415 1052 1476 aqua.

284 1483 357 1562 Ipse
370 1485 558 1562 gubernator
571 1489 682 1549 tollens
697 1487 738 1546 ad
752 1485 855 1547 sidera
869 1486 986 1561 palmas

327 1570 478 1646 Exposcit
490 1573 580 1647 votis,
594 1572 743 1631 inmemor
757 1571 840 1643 artis,
855 1583 956 1644 opem.

289 1653 489 1732 Quocunque
503 1655 622 1732 aspexi,
638 1653 712 1714 nibil
727 1660 775 1714 est
788 1653 847 1714 nisi
860 1653 966 1714 mortis
981 1653 1094 1728 imago,

330 1738 426 1814 Quam
441 1738 535 1800 dubia
548 1740 640 1801 timeo
655 1743 764 1813 mente,
779 1737 952 1812 timensque
966 1752 1088 1814 precor.
1130 1797 1141 1814 ‚

240 1831 274 1886 25
288 1822 427 1900 Attigero
442 1833 573 1900 portum,
589 1830 680 1900 portu
693 1823 832 1883 terrebor
845 1822 884 1882 ab
899 1822 984 1897 ipso=
1140 1837 1144 1844 ·

328 1909 400 1970 Plus
415 1908 510 1972 babet
523 1908 633 1970 intesta
646 1915 727 1967 terra
740 1905 857 1967 timoris
874 1922 964 1982 aqua.

289 1991 364 2052 Nam
380 1992 470 2052 simul
484 1992 603 2053 insidiis
618 1991 774 2053 hominum
789 1989 952 2066 pelagique
966 1979 1085 2064 laboro,

332 2075 371 2134 Et
384 2075 499 2137 faciunt
512 2076 650 2151 geminos
667 2077 751 2136 ensis
766 2082 797 2136 et
810 2075 894 2134 unda
907 2081 1018 2134 metus.

287 2158 340 2218 Ille
354 2173 424 2219 meo
439 2174 551 2220 vereor
563 2175 603 2220 ne
617 2167 724 2236 speret
737 2159 888 2234 sanguine
903 2159 1060 2233 praedam,

241 2248 277 2302 30
332 2242 416 2302 Haec
430 2243 550 2304 titulum
563 2251 690 2306 nostrae
703 2243 809 2305 mortis
824 2241 938 2303 babere
954 2244 1034 2304 velit.

290 2325 428 2386 Barbara
442 2343 515 2403 pars
531 2328 620 2389 laeva
634 2335 682 2390 est
697 2329 869 2403 avidaeque
883 2326 1006 2387 addicta
1020 2325 1165 2401 rapinae,

316 2488 321 2494 ¹
335 2409 430 2484 Quam
446 2427 537 2473 emor
551 2419 583 2472 et
596 2413 710 2474 caedes
724 2412 869 2487 bellaque
884 2425 1007 2485 semper
1021 2409 1152 2472 habent.

293 2493 431 2571 cumque
445 2498 484 2558 sit
496 2497 633 2558 bibernis
649 2497 792 2574 agitatum
807 2495 951 2556 fluctibus
967 2509 1095 2569 aequor,

325 2578 455 2641 Pectora
469 2589 540 2642 sunt
552 2582 622 2658 ipso
640 2582 809 2642 turbidiora
821 2579 907 2640 mari.

243 2670 277 2724 35
294 2663 359 2736 Quo
374 2663 472 2738 magis
487 2663 535 2723 his
551 2665 647 2726 debes
663 2665 834 2739 ignoscere,
850 2663 980 2725 candide
994 2661 1102 2737 lector,

331 2745 364 2806 Si
378 2762 436 2822 spe
449 2745 519 2821 sint,
533 2756 568 2808 ut
581 2755 661 2824 sunt,
677 2749 822 2810 interiora
835 2755 897 2810 tua.

289 2829 357 2889 Non
371 2829 449 2890 haec
464 2831 494 2890 in
509 2832 634 2906 nostris,
650 2841 684 2894 ut
698 2835 863 2910 quondam,
879 2831 1041 2893 scribimus
1055 2830 1174 2912 bortis,

331 2912 405 2990 Nec,
422 2926 579 2992 consuete,
594 2933 704 2994 meum,
720 2919 841 2993 lectule,
857 2932 971 2993 corpus
985 2916 1095 2978 habes.

291 2996 393 3057 Iactor
406 2998 437 3058 in
451 2999 599 3063 indomito
615 3003 744 3064 bmmali
757 3006 827 3064 luce
840 3001 1005 3078 profundo,

243 3086 279 3142 40
335 3081 471 3159 Ipsaque
487 3087 635 3147 caeruleis
651 3087 756 3148 charta
769 3087 876 3148 feritur
890 3085 990 3162 aquis.

292 3163 438 3240 Improba
451 3178 566 3245 pugnat
580 3169 678 3232 biems
693 3172 938 3248 indignaturque,
955 3169 1041 3246 quod
1054 3170 1163 3232 ausim

334 3247 476 3312 Scribere
490 3269 527 3314 se
540 3253 655 3330 rigidas
670 3255 835 3317 incutiente
848 3255 958 3316 minas.

293 3330 406 3393 Vincat
418 3334 516 3398 hiems
530 3336 699 3400 hominem!
723 3339 785 3400 Sed
800 3340 911 3401 eodem
925 3344 1074 3415 tempore,
1091 3355 1208 3416 quaes

328 3415 401 3494 lpse
415 3421 540 3482 modum
555 3427 685 3485 statuam
699 3425 851 3498 carminis,
868 3422 920 3484 illa
933 3423 992 3484 sui.
