<?xml version="1.0" encoding="UTF-8"?>
<!DOCTYPE html PUBLIC "-//W3C//DTD XHTML 1.0 Transitional//EN"
    "http://www.w3.org/TR/xhtml1/DTD/xhtml1-transitional.dtd">
<html xmlns="http://www.w3.org/1999/xhtml" xml:lang="en" lang="en">
 <head>
  <title>
</title>
<meta http-equiv="Content-Type" content="text/html;charset=utf-8" />
  <meta name='ocr-system' content='tesseract 3.04.00' />
  <meta name='ocr-capabilities' content='ocr_page ocr_carea ocr_par ocr_line ocrx_word'/>
</head>
<body>
  <div class='ocr_page' id='page_1' title='image "./povidiusnaso00goog_0334.png"; bbox 0 0 2492 3926; ppageno 0'>
   <div class='ocr_carea' id='block_1_1' title="bbox 410 259 1050 340">
    <p class='ocr_par' dir='ltr' id='par_1_1' title="bbox 410 259 1050 340">
     <span class='ocr_line' id='line_1_1' title="bbox 410 259 1050 340; baseline 0 -16"><span class='ocrx_word' id='word_1_1' title='bbox 410 265 469 338; x_wconf 84' lang='lat' dir='ltr'>vi,</span> <span class='ocrx_word' id='word_1_2' title='bbox 491 259 660 325; x_wconf 73' lang='lat' dir='ltr'>erc-294</span> <span class='ocrx_word' id='word_1_3' title='bbox 930 331 933 340; x_wconf 15' lang='lat' dir='ltr'>k</span> <span class='ocrx_word' id='word_1_4' title='bbox 988 261 1050 324; x_wconf 78' lang='lat' dir='ltr'>ore</span> 
     </span>
    </p>
   </div>
   <div class='ocr_carea' id='block_1_2' title="bbox 46 414 1034 3442">
    <p class='ocr_par' dir='ltr' id='par_1_2' title="bbox 46 414 1034 3442">
     <span class='ocr_line' id='line_1_2' title="bbox 113 414 943 496; baseline -0.008 -16"><span class='ocrx_word' id='word_1_5' title='bbox 113 419 201 481; x_wconf 85' lang='lat' dir='ltr'>Dena</span> <span class='ocrx_word' id='word_1_6' title='bbox 216 426 325 496; x_wconf 84' lang='lat' dir='ltr'><strong>quater</strong></span> <span class='ocrx_word' id='word_1_7' title='bbox 338 423 508 478; x_wconf 86' lang='lat' dir='ltr'>memorant</span> <span class='ocrx_word' id='word_1_8' title='bbox 521 414 668 476; x_wconf 82' lang='lat' dir='ltr'>habuisse</span> <span class='ocrx_word' id='word_1_9' title='bbox 682 415 792 476; x_wconf 84' lang='lat' dir='ltr'>Parilia</span> <span class='ocrx_word' id='word_1_10' title='bbox 804 417 943 488; x_wconf 85' lang='lat' dir='ltr'>Romam,</span> 
     </span>
     <span class='ocr_line' id='line_1_3' title="bbox 160 499 895 576; baseline -0.011 -12"><span class='ocrx_word' id='word_1_11' title='bbox 160 505 232 564; x_wconf 83' lang='lat' dir='ltr'>Cum</span> <span class='ocrx_word' id='word_1_12' title='bbox 247 501 390 564; x_wconf 82' lang='lat' dir='ltr'>flammae</span> <span class='ocrx_word' id='word_1_13' title='bbox 406 506 512 562; x_wconf 90' lang='lat' dir='ltr'>custos</span> <span class='ocrx_word' id='word_1_14' title='bbox 529 499 606 560; x_wconf 89' lang='lat' dir='ltr'>aede</span> <span class='ocrx_word' id='word_1_15' title='bbox 619 508 745 576; x_wconf 87' lang='lat' dir='ltr'>recepta</span> <span class='ocrx_word' id='word_1_16' title='bbox 759 517 818 560; x_wconf 84' lang='lat' dir='ltr'>sua</span> <span class='ocrx_word' id='word_1_17' title='bbox 833 507 895 560; x_wconf 73' lang='lat' dir='ltr'>estr</span> 
     </span>
     <span class='ocr_line' id='line_1_4' title="bbox 114 585 911 664; baseline -0.006 -16"><span class='ocrx_word' id='word_1_18' title='bbox 114 588 208 664; x_wconf 85' lang='lat' dir='ltr'>Regis</span> <span class='ocrx_word' id='word_1_19' title='bbox 225 603 305 664; x_wconf 90' lang='lat' dir='ltr'>opus</span> <span class='ocrx_word' id='word_1_20' title='bbox 321 586 449 663; x_wconf 84' lang='lat' dir='ltr'>placidi,</span> <span class='ocrx_word' id='word_1_21' title='bbox 466 601 528 660; x_wconf 91' lang='lat' dir='ltr'>quo</span> <span class='ocrx_word' id='word_1_22' title='bbox 544 600 606 644; x_wconf 96' lang='lat' dir='ltr'>non</span> <span class='ocrx_word' id='word_1_23' title='bbox 622 585 804 645; x_wconf 75' lang='lat' dir='ltr'>metuentius</span> <span class='ocrx_word' id='word_1_24' title='bbox 820 585 911 644; x_wconf 90' lang='lat' dir='ltr'>ullum</span> 
     </span>
     <span class='ocr_line' id='line_1_5' title="bbox 46 667 780 746; baseline -0.014 -10"><span class='ocrx_word' id='word_1_25' title='bbox 46 681 104 736; x_wconf 72' lang='lat'>260</span> <span class='ocrx_word' id='word_1_26' title='bbox 159 672 298 733; x_wconf 89' lang='lat' dir='ltr'>Numinis</span> <span class='ocrx_word' id='word_1_27' title='bbox 313 672 467 746; x_wconf 85' lang='lat' dir='ltr'>ingenium</span> <span class='ocrx_word' id='word_1_28' title='bbox 480 676 561 729; x_wconf 85' lang='lat' dir='ltr'>terra</span> <span class='ocrx_word' id='word_1_29' title='bbox 577 667 691 729; x_wconf 83' lang='lat' dir='ltr'>Sabina</span> <span class='ocrx_word' id='word_1_30' title='bbox 705 669 780 729; x_wconf 91' lang='lat' dir='ltr'>tulit.</span> 
     </span>
     <span class='ocr_line' id='line_1_6' title="bbox 117 751 955 832; baseline -0.005 -16"><span class='ocrx_word' id='word_1_31' title='bbox 117 757 200 832; x_wconf 78' lang='lat' dir='ltr'>Quae</span> <span class='ocrx_word' id='word_1_32' title='bbox 215 773 297 816; x_wconf 89' lang='lat' dir='ltr'>nunc</span> <span class='ocrx_word' id='word_1_33' title='bbox 312 771 384 815; x_wconf 85' lang='lat' dir='ltr'>aere</span> <span class='ocrx_word' id='word_1_34' title='bbox 401 753 506 824; x_wconf 86' lang='lat' dir='ltr'>vides,</span> <span class='ocrx_word' id='word_1_35' title='bbox 523 751 714 828; x_wconf 83' lang='lat' dir='ltr'>stipulatum</span> <span class='ocrx_word' id='word_1_36' title='bbox 728 761 808 814; x_wconf 85' lang='lat' dir='ltr'>tecta</span> <span class='ocrx_word' id='word_1_37' title='bbox 822 752 955 825; x_wconf 85' lang='lat' dir='ltr'>videres,</span> 
     </span>
     <span class='ocr_line' id='line_1_7' title="bbox 155 836 744 916; baseline -0.007 -16"><span class='ocrx_word' id='word_1_38' title='bbox 155 841 193 900; x_wconf 87' lang='lat' dir='ltr'>Et</span> <span class='ocrx_word' id='word_1_39' title='bbox 206 839 310 916; x_wconf 81' lang='lat' dir='ltr'>parics</span> <span class='ocrx_word' id='word_1_40' title='bbox 326 841 406 899; x_wconf 88' lang='lat' dir='ltr'>lento</span> <span class='ocrx_word' id='word_1_41' title='bbox 421 836 533 898; x_wconf 92' lang='lat' dir='ltr'>vimine</span> <span class='ocrx_word' id='word_1_42' title='bbox 548 842 649 898; x_wconf 87' lang='lat' dir='ltr'>textus</span> <span class='ocrx_word' id='word_1_43' title='bbox 670 844 744 897; x_wconf 82' lang='lat' dir='ltr'>erat.</span> 
     </span>
     <span class='ocr_line' id='line_1_8' title="bbox 115 921 882 998; baseline -0.005 -14"><span class='ocrx_word' id='word_1_44' title='bbox 115 925 172 984; x_wconf 87' lang='lat' dir='ltr'>Hic</span> <span class='ocrx_word' id='word_1_45' title='bbox 186 926 274 985; x_wconf 93' lang='lat' dir='ltr'>locus</span> <span class='ocrx_word' id='word_1_46' title='bbox 291 925 437 998; x_wconf 88' lang='lat' dir='ltr'>exiguus,</span> <span class='ocrx_word' id='word_1_47' title='bbox 455 921 507 998; x_wconf 91' lang='lat' dir='ltr'>qui</span> <span class='ocrx_word' id='word_1_48' title='bbox 523 921 653 981; x_wconf 90' lang='lat' dir='ltr'>sustinet</span> <span class='ocrx_word' id='word_1_49' title='bbox 668 922 744 983; x_wconf 80' lang='lat' dir='ltr'>atria</span> <span class='ocrx_word' id='word_1_50' title='bbox 758 923 882 995; x_wconf 78' lang='lat' dir='ltr'>Vestae,</span> 
     </span>
     <span class='ocr_line' id='line_1_9' title="bbox 157 1005 941 1082; baseline -0.001 -15"><span class='ocrx_word' id='word_1_51' title='bbox 157 1007 240 1070; x_wconf 86' lang='lat' dir='ltr'>Tunc</span> <span class='ocrx_word' id='word_1_52' title='bbox 255 1015 321 1068; x_wconf 84' lang='lat' dir='ltr'>erat</span> <span class='ocrx_word' id='word_1_53' title='bbox 334 1007 447 1068; x_wconf 91' lang='lat' dir='ltr'>intonsi</span> <span class='ocrx_word' id='word_1_54' title='bbox 462 1005 548 1081; x_wconf 82' lang='lat' dir='ltr'>regia</span> <span class='ocrx_word' id='word_1_55' title='bbox 562 1022 673 1082; x_wconf 78' lang='lat' dir='ltr'>magna</span> <span class='ocrx_word' id='word_1_56' title='bbox 686 1007 811 1066; x_wconf 86' lang='lat' dir='ltr'>Numae.</span> <span class='ocrx_word' id='word_1_57' title='bbox 937 1007 941 1018; x_wconf 89' lang='grc'><strong>’</strong></span> 
     </span>
     <span class='ocr_line' id='line_1_10' title="bbox 49 1089 996 1167; baseline -0.008 -13"><span class='ocrx_word' id='word_1_58' title='bbox 49 1099 104 1155; x_wconf 71' lang='lat'>265</span> <span class='ocrx_word' id='word_1_59' title='bbox 117 1092 229 1153; x_wconf 84' lang='lat' dir='ltr'>Ferme</span> <span class='ocrx_word' id='word_1_60' title='bbox 242 1099 342 1152; x_wconf 81' lang='lat' dir='ltr'>tamen</span> <span class='ocrx_word' id='word_1_61' title='bbox 356 1091 476 1167; x_wconf 88' lang='lat' dir='ltr'>templi,</span> <span class='ocrx_word' id='word_1_62' title='bbox 493 1106 572 1165; x_wconf 82' lang='lat' dir='ltr'>quae</span> <span class='ocrx_word' id='word_1_63' title='bbox 587 1105 668 1150; x_wconf 90' lang='lat' dir='ltr'>nunc</span> <span class='ocrx_word' id='word_1_64' title='bbox 683 1096 797 1165; x_wconf 84' lang='lat' dir='ltr'>manet,</span> <span class='ocrx_word' id='word_1_65' title='bbox 814 1095 883 1150; x_wconf 86' lang='lat' dir='ltr'>ante</span> <span class='ocrx_word' id='word_1_66' title='bbox 898 1089 996 1149; x_wconf 90' lang='lat' dir='ltr'>luisse</span> 
     </span>
     <span class='ocr_line' id='line_1_11' title="bbox 159 1174 890 1249; baseline -0.01 -12"><span class='ocrx_word' id='word_1_67' title='bbox 159 1176 282 1237; x_wconf 83' lang='lat' dir='ltr'>Dicitur.</span> <span class='ocrx_word' id='word_1_68' title='bbox 312 1183 342 1236; x_wconf 88' lang='lat' dir='ltr'>et</span> <span class='ocrx_word' id='word_1_69' title='bbox 356 1177 473 1236; x_wconf 86' lang='lat' dir='ltr'>lonnoe</span> <span class='ocrx_word' id='word_1_70' title='bbox 488 1190 583 1235; x_wconf 78' lang='lat' dir='ltr'>causo</span> <span class='ocrx_word' id='word_1_71' title='bbox 597 1174 758 1249; x_wconf 79' lang='lat' dir='ltr'>probanda</span> <span class='ocrx_word' id='word_1_72' title='bbox 774 1175 890 1235; x_wconf 88' lang='lat' dir='ltr'>subest.</span> 
     </span>
     <span class='ocr_line' id='line_1_12' title="bbox 116 1256 1034 1336; baseline -0.004 -16"><span class='ocrx_word' id='word_1_73' title='bbox 116 1262 212 1322; x_wconf 86' lang='lat' dir='ltr'>Vesta</span> <span class='ocrx_word' id='word_1_74' title='bbox 227 1261 344 1336; x_wconf 88' lang='lat' dir='ltr'>eadem,</span> <span class='ocrx_word' id='word_1_75' title='bbox 367 1276 447 1335; x_wconf 86' lang='lat' dir='ltr'>quae</span> <span class='ocrx_word' id='word_1_76' title='bbox 461 1261 562 1319; x_wconf 82' lang='lat' dir='ltr'>Terre.</span> <span class='ocrx_word' id='word_1_77' title='bbox 592 1258 699 1318; x_wconf 85' lang='lat' dir='ltr'>subest</span> <span class='ocrx_word' id='word_1_78' title='bbox 715 1259 788 1334; x_wconf 88' lang='lat' dir='ltr'>vigil</span> <span class='ocrx_word' id='word_1_79' title='bbox 803 1257 883 1335; x_wconf 87' lang='lat' dir='ltr'>ignis</span> <span class='ocrx_word' id='word_1_80' title='bbox 904 1256 1034 1332; x_wconf 84' lang='lat' dir='ltr'>utrique.</span> 
     </span>
     <span class='ocr_line' id='line_1_13' title="bbox 159 1343 832 1420; baseline 0.004 -15"><span class='ocrx_word' id='word_1_81' title='bbox 159 1345 337 1420; x_wconf 87' lang='lat' dir='ltr'>Significant</span> <span class='ocrx_word' id='word_1_82' title='bbox 351 1345 458 1404; x_wconf 89' lang='lat' dir='ltr'>sedern</span> <span class='ocrx_word' id='word_1_83' title='bbox 473 1350 554 1404; x_wconf 83' lang='lat' dir='ltr'>terra</span> <span class='ocrx_word' id='word_1_84' title='bbox 569 1343 721 1418; x_wconf 80' lang='lat' dir='ltr'>iocus&#39;que</span> <span class='ocrx_word' id='word_1_85' title='bbox 736 1361 832 1408; x_wconf 81' lang='lat' dir='ltr'>suam.</span> 
     </span>
     <span class='ocr_line' id='line_1_14' title="bbox 114 1427 809 1505; baseline -0.003 -17"><span class='ocrx_word' id='word_1_86' title='bbox 114 1429 207 1490; x_wconf 87' lang='lat' dir='ltr'>Terra</span> <span class='ocrx_word' id='word_1_87' title='bbox 221 1429 303 1505; x_wconf 87' lang='lat' dir='ltr'>pilae</span> <span class='ocrx_word' id='word_1_88' title='bbox 319 1429 440 1501; x_wconf 89' lang='lat' dir='ltr'>similis,</span> <span class='ocrx_word' id='word_1_89' title='bbox 460 1428 543 1489; x_wconf 91' lang='lat' dir='ltr'>nullo</span> <span class='ocrx_word' id='word_1_90' title='bbox 558 1427 712 1488; x_wconf 84' lang='lat' dir='ltr'>fulcimine</span> <span class='ocrx_word' id='word_1_91' title='bbox 728 1428 809 1500; x_wconf 77' lang='lat' dir='ltr'>nixo,</span> 
     </span>
     <span class='ocr_line' id='line_1_15' title="bbox 48 1511 830 1588; baseline -0.008 -10"><span class='ocrx_word' id='word_1_92' title='bbox 48 1520 101 1578; x_wconf 78' lang='lat' dir='ltr'>lto</span> <span class='ocrx_word' id='word_1_93' title='bbox 160 1514 241 1576; x_wconf 71' lang='lat' dir='ltr'>Aere</span> <span class='ocrx_word' id='word_1_94' title='bbox 257 1513 394 1575; x_wconf 89' lang='lat' dir='ltr'>subiecto</span> <span class='ocrx_word' id='word_1_95' title='bbox 409 1520 471 1583; x_wconf 86' lang='lat' dir='ltr'>tarn</span> <span class='ocrx_word' id='word_1_96' title='bbox 482 1527 579 1588; x_wconf 86' lang='lat' dir='ltr'>grave</span> <span class='ocrx_word' id='word_1_97' title='bbox 594 1512 708 1588; x_wconf 87' lang='lat' dir='ltr'>pendet</span> <span class='ocrx_word' id='word_1_98' title='bbox 723 1527 810 1572; x_wconf 87' lang='lat' dir='ltr'>onus.</span> <span class='ocrx_word' id='word_1_99' title='bbox 825 1511 830 1518; x_wconf 83' lang='lat'>&#39;</span> 
     </span>
     <span class='ocr_line' id='line_1_16' title="bbox 114 1595 808 1675; baseline -0.003 -19"><span class='ocrx_word' id='word_1_100' title='bbox 114 1599 188 1675; x_wconf 84' lang='lat' dir='ltr'>ipsc</span> <span class='ocrx_word' id='word_1_101' title='bbox 202 1599 378 1660; x_wconf 86' lang='lat' dir='ltr'>volubilitas</span> <span class='ocrx_word' id='word_1_102' title='bbox 394 1597 534 1657; x_wconf 81' lang='lat' dir='ltr'>libratum</span> <span class='ocrx_word' id='word_1_103' title='bbox 550 1597 681 1657; x_wconf 88' lang='lat' dir='ltr'>sustinet</span> <span class='ocrx_word' id='word_1_104' title='bbox 695 1595 808 1670; x_wconf 86' lang='lat' dir='ltr'>orbem,</span> 
     </span>
     <span class='ocr_line' id='line_1_17' title="bbox 158 1679 915 1759; baseline -0.008 -16"><span class='ocrx_word' id='word_1_105' title='bbox 158 1682 274 1758; x_wconf 82' lang='lat' dir='ltr'>Quique</span> <span class='ocrx_word' id='word_1_106' title='bbox 290 1688 407 1759; x_wconf 86' lang='lat' dir='ltr'>premet</span> <span class='ocrx_word' id='word_1_107' title='bbox 422 1688 541 1757; x_wconf 83' lang='lat' dir='ltr'>parles,</span> <span class='ocrx_word' id='word_1_108' title='bbox 558 1683 688 1758; x_wconf 85' lang='lat' dir='ltr'>angulus</span> <span class='ocrx_word' id='word_1_109' title='bbox 703 1680 803 1740; x_wconf 92' lang='lat' dir='ltr'>omnis</span> <span class='ocrx_word' id='word_1_110' title='bbox 819 1679 915 1740; x_wconf 85' lang='lat' dir='ltr'>abest.</span> 
     </span>
     <span class='ocr_line' id='line_1_18' title="bbox 116 1765 842 1843; baseline -0.004 -16"><span class='ocrx_word' id='word_1_111' title='bbox 116 1768 251 1843; x_wconf 83' lang='lat' dir='ltr'>Cumque</span> <span class='ocrx_word' id='word_1_112' title='bbox 266 1766 349 1827; x_wconf 91' lang='lat' dir='ltr'>sitin</span> <span class='ocrx_word' id='word_1_113' title='bbox 364 1765 465 1826; x_wconf 84' lang='lat' dir='ltr'>medie</span> <span class='ocrx_word' id='word_1_114' title='bbox 478 1780 578 1825; x_wconf 89' lang='lat' dir='ltr'>rerum</span> <span class='ocrx_word' id='word_1_115' title='bbox 594 1765 719 1841; x_wconf 79' lang='lat' dir='ltr'>regione</span> <span class='ocrx_word' id='word_1_116' title='bbox 734 1765 842 1837; x_wconf 84' lang='lat' dir='ltr'>locata,</span> 
     </span>
     <span class='ocr_line' id='line_1_19' title="bbox 155 1849 825 1926; baseline -0.001 -16"><span class='ocrx_word' id='word_1_117' title='bbox 155 1851 193 1910; x_wconf 82' lang='lat' dir='ltr'>Et</span> <span class='ocrx_word' id='word_1_118' title='bbox 207 1857 312 1926; x_wconf 81' lang='lat' dir='ltr'>tanget</span> <span class='ocrx_word' id='word_1_119' title='bbox 325 1852 439 1910; x_wconf 91' lang='lat' dir='ltr'>nullum</span> <span class='ocrx_word' id='word_1_120' title='bbox 454 1849 565 1925; x_wconf 89' lang='lat' dir='ltr'>plusve</span> <span class='ocrx_word' id='word_1_121' title='bbox 582 1850 722 1910; x_wconf 92' lang='lat' dir='ltr'>minusve</span> <span class='ocrx_word' id='word_1_122' title='bbox 737 1849 825 1924; x_wconf 87' lang='lat' dir='ltr'>latus,</span> 
     </span>
     <span class='ocr_line' id='line_1_20' title="bbox 50 1933 763 2009; baseline -0.013 -8"><span class='ocrx_word' id='word_1_123' title='bbox 50 1945 100 2001; x_wconf 74' lang='lat' dir='ltr'>lto</span> <span class='ocrx_word' id='word_1_124' title='bbox 113 1934 150 1995; x_wconf 90' lang='lat' dir='ltr'>Ni</span> <span class='ocrx_word' id='word_1_125' title='bbox 166 1949 306 1996; x_wconf 86' lang='lat' dir='ltr'>convexa</span> <span class='ocrx_word' id='word_1_126' title='bbox 321 1935 414 2009; x_wconf 85' lang='lat' dir='ltr'>foret,</span> <span class='ocrx_word' id='word_1_127' title='bbox 434 1933 513 2009; x_wconf 85' lang='lat' dir='ltr'>parti</span> <span class='ocrx_word' id='word_1_128' title='bbox 528 1933 656 1993; x_wconf 89' lang='lat' dir='ltr'>vicinior</span> <span class='ocrx_word' id='word_1_129' title='bbox 671 1939 763 2006; x_wconf 87' lang='lat' dir='ltr'>essct,</span> 
     </span>
     <span class='ocr_line' id='line_1_21' title="bbox 156 2014 884 2080; baseline -0.005 -2"><span class='ocrx_word' id='word_1_130' title='bbox 156 2017 219 2078; x_wconf 88' lang='lat' dir='ltr'>Nec</span> <span class='ocrx_word' id='word_1_131' title='bbox 235 2019 368 2079; x_wconf 91' lang='lat' dir='ltr'>medium</span> <span class='ocrx_word' id='word_1_132' title='bbox 382 2025 494 2080; x_wconf 85' lang='lat' dir='ltr'>terram</span> <span class='ocrx_word' id='word_1_133' title='bbox 507 2017 639 2078; x_wconf 91' lang='lat' dir='ltr'>mundus</span> <span class='ocrx_word' id='word_1_134' title='bbox 654 2016 782 2079; x_wconf 84' lang='lat' dir='ltr'>haberet</span> <span class='ocrx_word' id='word_1_135' title='bbox 796 2014 884 2078; x_wconf 58' lang='lat' dir='ltr'>onusss</span> 
     </span>
     <span class='ocr_line' id='line_1_22' title="bbox 114 2102 816 2182; baseline 0 -20"><span class='ocrx_word' id='word_1_136' title='bbox 114 2103 189 2163; x_wconf 78' lang='lat' dir='ltr'>Arte</span> <span class='ocrx_word' id='word_1_137' title='bbox 204 2103 372 2182; x_wconf 80' lang='lat' dir='ltr'>Syracosia</span> <span class='ocrx_word' id='word_1_138' title='bbox 389 2117 562 2178; x_wconf 88' lang='lat' dir='ltr'>suspensus</span> <span class='ocrx_word' id='word_1_139' title='bbox 578 2102 608 2160; x_wconf 95' lang='lat' dir='ltr'>in</span> <span class='ocrx_word' id='word_1_140' title='bbox 624 2105 695 2162; x_wconf 84' lang='lat' dir='ltr'>ae&#39;re</span> <span class='ocrx_word' id='word_1_141' title='bbox 711 2103 816 2163; x_wconf 87' lang='lat' dir='ltr'>clauso</span> 
     </span>
     <span class='ocr_line' id='line_1_23' title="bbox 158 2186 839 2262; baseline -0.006 -15"><span class='ocrx_word' id='word_1_142' title='bbox 158 2186 224 2249; x_wconf 80' lang='lat' dir='ltr'>stat</span> <span class='ocrx_word' id='word_1_143' title='bbox 238 2187 365 2262; x_wconf 80' lang='lat' dir='ltr'>globus,</span> <span class='ocrx_word' id='word_1_144' title='bbox 382 2186 522 2248; x_wconf 89' lang='lat' dir='ltr'>immensi</span> <span class='ocrx_word' id='word_1_145' title='bbox 537 2201 634 2262; x_wconf 82' lang='lat' dir='ltr'>parve</span> <span class='ocrx_word' id='word_1_146' title='bbox 647 2186 746 2262; x_wconf 84' lang='lat' dir='ltr'>ligura</span> <span class='ocrx_word' id='word_1_147' title='bbox 760 2188 839 2262; x_wconf 82' lang='lat' dir='ltr'>poli:</span> 
     </span>
     <span class='ocr_line' id='line_1_24' title="bbox 113 2270 924 2348; baseline 0.002 -18"><span class='ocrx_word' id='word_1_148' title='bbox 113 2271 152 2330; x_wconf 84' lang='lat' dir='ltr'>Et</span> <span class='ocrx_word' id='word_1_149' title='bbox 167 2280 311 2348; x_wconf 86' lang='lat' dir='ltr'>quantum</span> <span class='ocrx_word' id='word_1_150' title='bbox 327 2289 346 2332; x_wconf 85' lang='lat' dir='ltr'><strong>a</strong></span> <span class='ocrx_word' id='word_1_151' title='bbox 363 2270 505 2343; x_wconf 89' lang='lat' dir='ltr'>summis,</span> <span class='ocrx_word' id='word_1_152' title='bbox 527 2276 642 2330; x_wconf 83' lang='lat' dir='ltr'>tanturn</span> <span class='ocrx_word' id='word_1_153' title='bbox 657 2272 787 2332; x_wconf 89' lang='lat' dir='ltr'>secessit</span> <span class='ocrx_word' id='word_1_154' title='bbox 802 2271 840 2332; x_wconf 86' lang='lat' dir='ltr'>ab</span> <span class='ocrx_word' id='word_1_155' title='bbox 856 2271 924 2332; x_wconf 90' lang='lat' dir='ltr'>imis</span> 
     </span>
     <span class='ocr_line' id='line_1_25' title="bbox 50 2354 866 2432; baseline -0.007 -12"><span class='ocrx_word' id='word_1_156' title='bbox 50 2364 100 2420; x_wconf 83' lang='lat' dir='ltr'>reo</span> <span class='ocrx_word' id='word_1_157' title='bbox 158 2354 259 2416; x_wconf 84' lang='lat' dir='ltr'>Terra.</span> <span class='ocrx_word' id='word_1_158' title='bbox 290 2355 375 2432; x_wconf 91' lang='lat' dir='ltr'>quod</span> <span class='ocrx_word' id='word_1_159' title='bbox 394 2363 427 2416; x_wconf 88' lang='lat' dir='ltr'>ut</span> <span class='ocrx_word' id='word_1_160' title='bbox 440 2355 507 2428; x_wconf 86' lang='lat' dir='ltr'>liat,</span> <span class='ocrx_word' id='word_1_161' title='bbox 526 2355 624 2414; x_wconf 81' lang='lat' dir='ltr'>forme</span> <span class='ocrx_word' id='word_1_162' title='bbox 637 2354 770 2417; x_wconf 84' lang='lat' dir='ltr'>rotunde</span> <span class='ocrx_word' id='word_1_163' title='bbox 786 2355 866 2415; x_wconf 86' lang='lat' dir='ltr'>lacit.</span> 
     </span>
     <span class='ocr_line' id='line_1_26' title="bbox 113 2439 824 2518; baseline 0 -19"><span class='ocrx_word' id='word_1_164' title='bbox 113 2439 172 2500; x_wconf 85' lang='lat' dir='ltr'>Per</span> <span class='ocrx_word' id='word_1_165' title='bbox 187 2441 281 2500; x_wconf 86' lang='lat' dir='ltr'>iacies</span> <span class='ocrx_word' id='word_1_166' title='bbox 296 2440 410 2518; x_wconf 88' lang='lat' dir='ltr'>templi.</span> <span class='ocrx_word' id='word_1_167' title='bbox 441 2439 542 2500; x_wconf 91' lang='lat' dir='ltr'>nullus</span> <span class='ocrx_word' id='word_1_168' title='bbox 560 2439 714 2515; x_wconf 84' lang='lat' dir='ltr'>procurrit</span> <span class='ocrx_word' id='word_1_169' title='bbox 726 2439 756 2498; x_wconf 91' lang='lat' dir='ltr'>in</span> <span class='ocrx_word' id='word_1_170' title='bbox 772 2439 824 2499; x_wconf 93' lang='lat' dir='ltr'>illo</span> 
     </span>
     <span class='ocr_line' id='line_1_27' title="bbox 156 2522 862 2600; baseline -0.001 -17"><span class='ocrx_word' id='word_1_171' title='bbox 156 2523 306 2599; x_wconf 85' lang='lat' dir='ltr'>Angulus.</span> <span class='ocrx_word' id='word_1_172' title='bbox 337 2541 356 2585; x_wconf 88' lang='lat' dir='ltr'>a</span> <span class='ocrx_word' id='word_1_173' title='bbox 369 2524 474 2600; x_wconf 91' lang='lat' dir='ltr'>pluvio</span> <span class='ocrx_word' id='word_1_174' title='bbox 491 2523 625 2583; x_wconf 87' lang='lat' dir='ltr'>vindicat</span> <span class='ocrx_word' id='word_1_175' title='bbox 639 2522 735 2583; x_wconf 81' lang='lat' dir='ltr'>imbre</span> <span class='ocrx_word' id='word_1_176' title='bbox 750 2522 862 2584; x_wconf 89' lang='lat' dir='ltr'>tholus.</span> 
     </span>
     <span class='ocr_line' id='line_1_28' title="bbox 114 2607 924 2684; baseline -0.001 -16"><span class='ocrx_word' id='word_1_177' title='bbox 114 2608 174 2670; x_wconf 75' lang='lat' dir='ltr'>cur</span> <span class='ocrx_word' id='word_1_178' title='bbox 189 2609 229 2669; x_wconf 87' lang='lat' dir='ltr'>sit</span> <span class='ocrx_word' id='word_1_179' title='bbox 244 2608 403 2684; x_wconf 87' lang='lat' dir='ltr'>virgineis,</span> <span class='ocrx_word' id='word_1_180' title='bbox 428 2608 567 2684; x_wconf 83' lang='lat' dir='ltr'>quaeris,</span> <span class='ocrx_word' id='word_1_181' title='bbox 589 2609 648 2668; x_wconf 84' lang='lat' dir='ltr'>dea</span> <span class='ocrx_word' id='word_1_182' title='bbox 663 2607 743 2668; x_wconf 85' lang='lat' dir='ltr'>culta</span> <span class='ocrx_word' id='word_1_183' title='bbox 757 2607 924 2667; x_wconf 65' lang='lat' dir='ltr'>ministris?</span> 
     </span>
     <span class='ocr_line' id='line_1_29' title="bbox 155 2693 853 2768; baseline -0.001 -17"><span class='ocrx_word' id='word_1_184' title='bbox 155 2693 313 2752; x_wconf 85' lang='lat' dir='ltr'>Inveniam</span> <span class='ocrx_word' id='word_1_185' title='bbox 328 2709 438 2754; x_wconf 83' lang='lat' dir='ltr'>causas</span> <span class='ocrx_word' id='word_1_186' title='bbox 454 2693 512 2752; x_wconf 82' lang='lat' dir='ltr'>hee</span> <span class='ocrx_word' id='word_1_187' title='bbox 528 2707 654 2767; x_wconf 89' lang='lat' dir='ltr'>quoque</span> <span class='ocrx_word' id='word_1_188' title='bbox 669 2699 755 2768; x_wconf 88' lang='lat' dir='ltr'>parte</span> <span class='ocrx_word' id='word_1_189' title='bbox 770 2708 853 2753; x_wconf 83' lang='lat' dir='ltr'>suus.</span> 
     </span>
     <span class='ocr_line' id='line_1_30' title="bbox 52 2774 939 2853; baseline -0.006 -12"><span class='ocrx_word' id='word_1_190' title='bbox 52 2786 99 2840; x_wconf 58' lang='grc' dir='ltr'>ἣδε»</span> <span class='ocrx_word' id='word_1_191' title='bbox 113 2775 161 2836; x_wconf 85' lang='lat' dir='ltr'>Ex</span> <span class='ocrx_word' id='word_1_192' title='bbox 178 2774 243 2853; x_wconf 87' lang='lat' dir='ltr'>Ope</span> <span class='ocrx_word' id='word_1_193' title='bbox 257 2778 404 2838; x_wconf 89' lang='lat' dir='ltr'>Iunonem</span> <span class='ocrx_word' id='word_1_194' title='bbox 418 2784 588 2838; x_wconf 84' lang='lat' dir='ltr'>memorant</span> <span class='ocrx_word' id='word_1_195' title='bbox 603 2777 805 2851; x_wconf 83' lang='lat' dir='ltr'>Cereremque</span> <span class='ocrx_word' id='word_1_196' title='bbox 820 2783 939 2837; x_wconf 82' lang='lat' dir='ltr'>creatas</span> 
     </span>
     <span class='ocr_line' id='line_1_31' title="bbox 157 2859 737 2922; baseline -0.007 0"><span class='ocrx_word' id='word_1_197' title='bbox 157 2859 281 2922; x_wconf 89' lang='lat' dir='ltr'>Semine</span> <span class='ocrx_word' id='word_1_198' title='bbox 299 2860 431 2922; x_wconf 84' lang='lat' dir='ltr'>Saturni.</span> <span class='ocrx_word' id='word_1_199' title='bbox 461 2863 548 2922; x_wconf 81' lang='lat' dir='ltr'>tertie</span> <span class='ocrx_word' id='word_1_200' title='bbox 562 2863 659 2922; x_wconf 84' lang='lat' dir='ltr'>Vesta</span> <span class='ocrx_word' id='word_1_201' title='bbox 674 2861 737 2922; x_wconf 88' lang='lat' dir='ltr'>luit.</span> 
     </span>
     <span class='ocr_line' id='line_1_32' title="bbox 112 2945 921 3022; baseline -0.006 -15"><span class='ocrx_word' id='word_1_202' title='bbox 112 2945 249 3020; x_wconf 85' lang='lat' dir='ltr'>Utraque</span> <span class='ocrx_word' id='word_1_203' title='bbox 269 2952 451 3022; x_wconf 85' lang='lat' dir='ltr'>nupserunt,</span> <span class='ocrx_word' id='word_1_204' title='bbox 471 2945 579 3005; x_wconf 79' lang='lat' dir='ltr'>ambae</span> <span class='ocrx_word' id='word_1_205' title='bbox 595 2945 921 3022; x_wconf 82' lang='lat' dir='ltr'>peperisseieruntur:</span> 
     </span>
     <span class='ocr_line' id='line_1_33' title="bbox 154 3029 769 3106; baseline -0.003 -18"><span class='ocrx_word' id='word_1_206' title='bbox 154 3030 201 3088; x_wconf 90' lang='lat' dir='ltr'>De</span> <span class='ocrx_word' id='word_1_207' title='bbox 215 3029 312 3090; x_wconf 81' lang='lat' dir='ltr'>tribus</span> <span class='ocrx_word' id='word_1_208' title='bbox 326 3029 490 3106; x_wconf 81' lang='lat' dir='ltr'>impatiens</span> <span class='ocrx_word' id='word_1_209' title='bbox 504 3030 613 3090; x_wconf 90' lang='lat' dir='ltr'>restitit</span> <span class='ocrx_word' id='word_1_210' title='bbox 627 3046 688 3090; x_wconf 85' lang='lat' dir='ltr'>una</span> <span class='ocrx_word' id='word_1_211' title='bbox 703 3029 769 3088; x_wconf 89' lang='lat' dir='ltr'>viri.</span> 
     </span>
     <span class='ocr_line' id='line_1_34' title="bbox 115 3111 861 3190; baseline -0.001 -16"><span class='ocrx_word' id='word_1_212' title='bbox 115 3112 193 3188; x_wconf 80' lang='lat' dir='ltr'>Quid</span> <span class='ocrx_word' id='word_1_213' title='bbox 206 3113 330 3188; x_wconf 89' lang='lat' dir='ltr'>mirum,</span> <span class='ocrx_word' id='word_1_214' title='bbox 352 3112 439 3190; x_wconf 85' lang='lat' dir='ltr'>virgo</span> <span class='ocrx_word' id='word_1_215' title='bbox 456 3113 482 3174; x_wconf 93' lang='lat' dir='ltr'>si</span> <span class='ocrx_word' id='word_1_216' title='bbox 497 3114 615 3189; x_wconf 88' lang='lat' dir='ltr'>virgine</span> <span class='ocrx_word' id='word_1_217' title='bbox 629 3113 709 3174; x_wconf 82' lang='lat' dir='ltr'>laete</span> <span class='ocrx_word' id='word_1_218' title='bbox 722 3111 861 3173; x_wconf 83' lang='lat' dir='ltr'>ministra</span> 
     </span>
     <span class='ocr_line' id='line_1_35' title="bbox 52 3195 790 3259; baseline -0.004 -1"><span class='ocrx_word' id='word_1_219' title='bbox 52 3203 102 3258; x_wconf 76' lang='lat'>290</span> <span class='ocrx_word' id='word_1_220' title='bbox 155 3195 296 3258; x_wconf 80' lang='lat' dir='ltr'>Admittit</span> <span class='ocrx_word' id='word_1_221' title='bbox 310 3204 412 3258; x_wconf 81' lang='lat' dir='ltr'>costos</span> <span class='ocrx_word' id='word_1_222' title='bbox 429 3197 470 3257; x_wconf 89' lang='lat' dir='ltr'>od</span> <span class='ocrx_word' id='word_1_223' title='bbox 485 3213 542 3259; x_wconf 81' lang='lat' dir='ltr'>sua</span> <span class='ocrx_word' id='word_1_224' title='bbox 556 3214 646 3259; x_wconf 84' lang='lat' dir='ltr'>sacra</span> <span class='ocrx_word' id='word_1_225' title='bbox 660 3205 790 3259; x_wconf 79' lang='lat' dir='ltr'>manust</span> 
     </span>
     <span class='ocr_line' id='line_1_36' title="bbox 114 3280 1033 3358; baseline 0 -18"><span class='ocrx_word' id='word_1_226' title='bbox 114 3280 176 3341; x_wconf 88' lang='lat' dir='ltr'>Noc</span> <span class='ocrx_word' id='word_1_227' title='bbox 192 3285 225 3340; x_wconf 91' lang='lat' dir='ltr'>tu</span> <span class='ocrx_word' id='word_1_228' title='bbox 243 3282 325 3343; x_wconf 87' lang='lat' dir='ltr'>aliud</span> <span class='ocrx_word' id='word_1_229' title='bbox 339 3282 481 3356; x_wconf 79' lang='lat' dir='ltr'>Vestam,</span> <span class='ocrx_word' id='word_1_230' title='bbox 501 3298 590 3358; x_wconf 89' lang='lat' dir='ltr'>quam</span> <span class='ocrx_word' id='word_1_231' title='bbox 606 3282 707 3342; x_wconf 83' lang='lat' dir='ltr'>vivom</span> <span class='ocrx_word' id='word_1_232' title='bbox 723 3281 865 3357; x_wconf 85' lang='lat' dir='ltr'>intellege</span> <span class='ocrx_word' id='word_1_233' title='bbox 880 3280 1033 3341; x_wconf 87' lang='lat' dir='ltr'>llemmorn</span> 
     </span>
     <span class='ocr_line' id='line_1_37' title="bbox 155 3363 845 3442; baseline 0 -18"><span class='ocrx_word' id='word_1_234' title='bbox 155 3363 294 3441; x_wconf 82' lang='lat' dir='ltr'>Nataque</span> <span class='ocrx_word' id='word_1_235' title='bbox 309 3366 348 3426; x_wconf 89' lang='lat' dir='ltr'>de</span> <span class='ocrx_word' id='word_1_236' title='bbox 363 3363 487 3426; x_wconf 83' lang='lat' dir='ltr'>flamme</span> <span class='ocrx_word' id='word_1_237' title='bbox 501 3381 633 3442; x_wconf 83' lang='lat' dir='ltr'>corpora</span> <span class='ocrx_word' id='word_1_238' title='bbox 649 3368 732 3427; x_wconf 83' lang='lat' dir='ltr'>nullo</span> <span class='ocrx_word' id='word_1_239' title='bbox 745 3365 845 3425; x_wconf 90' lang='lat' dir='ltr'>vides.</span> 
     </span>
    </p>
   </div>
   <div class='ocr_carea' id='block_1_3' title="bbox 116 3446 1008 3676">
    <p class='ocr_par' dir='ltr' id='par_1_3' title="bbox 116 3446 1008 3676">
     <span class='ocr_line' id='line_1_38' title="bbox 116 3446 1008 3528; baseline 0.001 -22"><span class='ocrx_word' id='word_1_240' title='bbox 116 3446 182 3509; x_wconf 90' lang='lat' dir='ltr'>lure</span> <span class='ocrx_word' id='word_1_241' title='bbox 195 3447 287 3526; x_wconf 90' lang='lat' dir='ltr'>igitur</span> <span class='ocrx_word' id='word_1_242' title='bbox 300 3449 390 3525; x_wconf 85' lang='lat' dir='ltr'>virgo</span> <span class='ocrx_word' id='word_1_243' title='bbox 405 3456 467 3524; x_wconf 89' lang='lat' dir='ltr'>est,</span> <span class='ocrx_word' id='word_1_244' title='bbox 484 3464 563 3524; x_wconf 86' lang='lat' dir='ltr'>quae</span> <span class='ocrx_word' id='word_1_245' title='bbox 578 3451 696 3511; x_wconf 85' lang='lat' dir='ltr'>semino</span> <span class='ocrx_word' id='word_1_246' title='bbox 709 3451 792 3511; x_wconf 83' lang='lat' dir='ltr'>nulla</span> <span class='ocrx_word' id='word_1_247' title='bbox 807 3447 936 3524; x_wconf 84' lang='lat' dir='ltr'>remittit,</span> <span class='ocrx_word' id='word_1_248' title='bbox 1004 3521 1008 3528; x_wconf 89' lang='lat'><em>.</em></span> 
     </span>
     <span class='ocr_line' id='line_1_39' title="bbox 156 3530 839 3676; baseline 0 -86"><span class='ocrx_word' id='word_1_249' title='bbox 156 3530 218 3592; x_wconf 85' lang='lat' dir='ltr'>Nec</span> <span class='ocrx_word' id='word_1_250' title='bbox 233 3534 330 3610; x_wconf 85' lang='lat' dir='ltr'>capit,</span> <span class='ocrx_word' id='word_1_251' title='bbox 346 3540 376 3594; x_wconf 88' lang='lat' dir='ltr'>et</span> <span class='ocrx_word' id='word_1_252' title='bbox 391 3533 518 3613; x_wconf 59' lang='lat' dir='ltr'>punitos</span> <span class='ocrx_word' id='word_1_253' title='bbox 533 3534 714 3609; x_wconf 80' lang='lat' dir='ltr'>virginitatis</span> <span class='ocrx_word' id='word_1_254' title='bbox 729 3531 839 3676; x_wconf 33' lang='lat' dir='ltr'>hobsselt}</span> 
     </span>
    </p>
   </div>
   <div class='ocr_carea' id='block_1_4' title="bbox 0 0 1261 3926">
    <p class='ocr_par' dir='ltr' id='par_1_4' title="bbox 0 0 1261 3926">
     <span class='ocr_line' id='line_1_40' title="bbox 0 0 1261 3926; baseline 0 0"><span class='ocrx_word' id='word_1_255' title='bbox 0 0 1261 3926; x_wconf 95' lang='lat' dir='ltr'> </span> 
     </span>
    </p>
   </div>
  </div>
 </body>
</html>
