2492 3926
402 227 459 302 Vl,
480 225 659 290 aee-370.
984 230 1044 292 325

107 383 151 442 At
163 380 256 442 ruber
269 381 427 442 hortorum
443 388 548 442 eustos
563 382 780 458 nymphasque
795 383 933 459 deasque

154 465 275 542 captat,
298 471 328 525 et
343 473 478 526 errantes
495 468 615 542 fertque
630 467 784 542 refertque
801 467 907 542 pedes.

39 558 91 612 335
105 551 228 625 Aspicit
241 557 272 610 et
285 551 421 610 Vestam.
452 550 586 624 dubium,
603 551 810 628 nymphamne
826 551 945 627 putarit,

150 637 201 693 An
217 633 321 695 scierit
334 635 471 694 Vestam.
501 635 604 695 scisse
618 635 676 694 sed
690 636 759 711 ipse
772 641 872 710 negat.

109 717 204 793 Spem
219 719 301 794 capit
315 718 496 795 obscenam,
519 719 683 793 furtimque
698 719 847 781 accedere
867 725 999 794 temptat,

151 801 188 860 Et
201 802 259 863 lert
273 818 445 878 suspensos
460 802 556 863 eorde
569 803 700 862 micante
714 803 838 877 gradus.

107 885 199 948 Fonte
213 903 326 962 senex,
342 904 404 961 quo
421 894 527 948 vectus
543 895 621 962 erat,
639 887 760 948 Silenus
775 888 902 946 asellum

41 977 95 1032 340
153 970 298 1046 Liquerat
312 971 353 1030 ad
367 971 452 1046 ripas
468 973 536 1031 lene
552 971 691 1032 sonantis
707 975 834 1046 aquae'

109 1054 185 1128 ibat,
202 1062 237 1115 ut
249 1053 398 1130 inciperet
412 1056 496 1131 longi
512 1056 589 1116 deus
603 1055 805 1131 Hellesponti,

151 1140 368 1214 Intempestive
390 1155 458 1200 cum
472 1139 555 1200 rudit
568 1139 618 1200 ille
635 1155 724 1200 sono.

109 1223 225 1283 Territa
238 1239 317 1283 voce
331 1224 417 1299 gravi
431 1225 528 1300 surgit
543 1224 610 1284 dea.
641 1223 786 1285 convolat
801 1221 899 1284 omnis

152 1307 262 1368 Turba.
291 1323 348 1384 per
362 1308 489 1368 infestas
505 1307 612 1382 effugit
626 1308 676 1368 ille
691 1323 809 1369 manus.

42 1397 95 1450 345
110 1390 299 1468 Lampsacos
314 1392 375 1454 hoc
389 1393 501 1454 animal
516 1393 607 1453 solita
621 1399 667 1452 est
681 1399 814 1452 mactare
828 1390 957 1466 Priapo:

153 1477 235 1552 Apta
252 1477 330 1538 esini
344 1475 476 1538 flammis
491 1477 601 1537 indicis
618 1483 689 1536 exta
703 1477 822 1535 damus

112 1560 206 1634 Quem
221 1568 266 1634 tu,
283 1561 369 1637 diva,
385 1577 503 1622 memor
518 1561 556 1622 de
573 1576 653 1637 pane
666 1558 829 1619 monilibus
845 1572 952 1618 ornas·

154 1644 262 1705 Cessat
276 1662 370 1720 opus,
386 1661 505 1707 vacuae
520 1645 695 1706 conticuere
710 1645 819 1704 molae.

109 1728 252 1803 Nomine,
270 1745 361 1804 quam
376 1729 489 1806 pretio,
505 1729 686 1791 celebratior
701 1744 771 1788 aree
783 1725 937 1798 Tonantis,

45 1823 101 1876 350
156 1813 278 1886 Dicam,
291 1813 418 1876 Pistoris
434 1814 508 1891 quid
522 1815 661 1874 velitem
675 1813 769 1874 lovis.

113 1897 217 1958 Cineta
231 1898 447 1975 premebantur
460 1898 599 1960 trucibus
615 1896 764 1974 Capitolia
778 1895 889 1955 Gallis:

152 1982 280 2044 Fecerat
295 1983 416 2044 obsidio
431 1984 492 2044 iam
508 1983 649 2043 diuturna
663 1985 783 2042 famem.

110 2066 262 2142 luppiter,
281 2067 322 2127 ad
338 2068 449 2128 solium
464 2067 586 2142 superis
601 2068 705 2142 regale
720 2065 847 2137 voeatis

155 2150 306 2226 ‘incipet’
329 2153 371 2212 eit
384 2152 481 2212 llllarti.
510 2152 650 2226 protinus
665 2151 715 2211 ille
729 2150 836 2210 referte

45 2245 97 2298 355
112 2233 248 2296 ‘Scilicet
261 2236 398 2310 ignotum
412 2243 473 2312 est,
497 2253 577 2313 quae
592 2235 633 2296 sit
647 2236 768 2296 fortuna
782 2248 929 2307 meorum,

151 2319 190 2380 Et
204 2320 293 2381 dolor
306 2320 357 2380 hie
370 2321 462 2381 animi
479 2335 557 2381 voce
572 2321 727 2395 querentis
742 2324 820 2392 eget.
899 2367 904 2372 .

112 2403 144 2465 Si
158 2410 273 2479 tamen,
289 2412 322 2465 ut
334 2407 465 2466 referam
478 2405 612 2466 breviter
625 2403 823 2476 malaiuneta
838 2399 959 2475 pudori,

151 2487 273 2564 Exigis=
295 2489 407 2566 Alpino
422 2491 521 2551 Roma
536 2490 594 2551 sub
608 2489 698 2549 hoste
711 2489 800 2547 iacet.

111 2572 195 2632 llaec
211 2579 267 2646 est,
289 2573 338 2634 eui
353 2574 451 2634 luerat
466 2575 619 2650 promissa
633 2571 769 2649 potentia
782 2585 892 2644 rerum,

45 2668 98 2722 300
153 2656 311 2732 luppitert
329 2658 410 2718 hanc
424 2659 512 2718 terris
527 2658 724 2734 impositurus
740 2659 832 2714 erasi

112 2740 237 2815 Iamque
251 2741 444 2803 suburbanos
459 2742 649 2817 Etruscaque
666 2739 803 2802 contudit
817 2754 910 2798 arma.

156 2823 235 2899 Spes
250 2827 360 2886 eratin
375 2842 476 2888 cursu.
505 2827 663 2887 nunciare
680 2826 769 2900 pulsa
784 2838 841 2883 suo
856 2829 911 2883 est.

112 2909 254 2970 Vidimus
269 2918 395 2972 ornatos
412 2917 535 2971 servata
550 2926 606 2986 per
621 2910 696 2972 atria
711 2909 793 2985 picta

154 2995 251 3055 Veste
264 2995 464 3071 triumphales
484 2994 669 3056 occubuisse
683 3008 785 3054 senes.

47 3092 98 3147 365
112 3077 253 3139 Vidimus
266 3081 379 3140 Iliacae
392 3080 549 3140 transferri
564 3079 693 3155 pignore
709 3078 824 3137 Vestae

155 3160 246 3223 Sede.
274 3163 382 3225 Putant
396 3164 518 3240 aliquos
532 3163 650 3224 scilieet
663 3178 735 3222 esse
753 3161 840 3220 deos.

111 3249 152 3306 At
166 3247 193 3306 si
206 3247 410 3324 respicerent,
430 3265 492 3324 qna
507 3263 563 3308 vos
578 3247 720 3308 habitatis
735 3246 766 3305 in
781 3259 862 3318 arce,

154 3331 273 3406 Totque
287 3333 398 3394 domos
415 3340 534 3393 vestras
550 3331 711 3392 obsidione
727 3329 831 3406 premi,

112 3414 159 3474 Nil
175 3418 245 3491 opis
260 3417 291 3476 in
306 3431 380 3478 cura
395 3417 508 3478 scirent
522 3431 688 3492 superesse
703 3414 840 3484 deorum,

46 3507 97 3563 370
154 3499 193 3559 Et
208 3500 279 3561 data
294 3501 507 3564 sollicitatura
526 3500 626 3578 perire
641 3515 740 3559 manu.
