2372 3928
212 214 274 280 244
603 213 862 278 FASTORUM

294 367 489 444 Tarquinium
504 368 635 444 profuga
653 382 772 445 poenas
788 383 858 428 eum
874 367 969 443 stirpe
983 365 1111 430 daturum.

336 451 399 512 lam
413 452 489 514 satis
506 458 556 513 est
569 451 665 512 virtus
678 451 872 514 dissimulata
885 452 960 514 diu!

226 543 277 598 itte
294 534 350 595 llla
363 535 469 598 iacens
486 536 528 597 nd
540 534 636 595 verba
651 535 760 596 oeulos
776 535 844 596 sine
859 537 971 597 lumine
986 533 1078 608 movit

335 620 475 697 Visaque
489 634 643 681 concussa
657 619 738 680 dieta
752 620 887 697 probare
901 635 999 681 coma

293 704 399 766 Fertur
414 705 445 764 in
465 703 614 780 exequias
635 704 727 764 animi
742 710 882 765 matrona
897 702 1003 778 virilis,

334 787 372 850 Et
386 803 490 849 seeum
505 787 647 852 lacrimas
663 787 871 864 invidiamque
884 787 984 850 trahit.

296 872 414 934 volnus
429 873 519 934 inane
534 877 626 948 patet.
662 871 774 933 Brutus
789 873 925 934 elamore
940 871 1062 947 Quirites

228 963 281 1018 860
336 954 489 1031 Concitet,
512 963 543 1017 et
555 956 638 1032 regis
654 957 734 1017 laeta
748 956 882 1018 nefanda
896 957 998 1017 refert

294 1040 476 1116 Tarquinius
491 1055 560 1100 eum
575 1040 663 1115 prole
678 1040 762 1116 sugit.
799 1040 881 1117 capit
895 1057 996 1101 annua
1008 1038 1101 1099 consul

335 1124 413 1184 lura.
446 1124 513 1185 dies
527 1124 631 1200 regnis
648 1123 699 1184 illa
714 1140 858 1200 suprema
874 1125 938 1186 luit.

544 1255 674 1320 uelle
713 1257 893 1320 ffiAFN

295 1373 453 1447 Fallimur,
468 1389 508 1432 an
522 1374 604 1434 veris
621 1377 803 1452 praenuntia
816 1376 901 1437 venit
914 1373 1048 1446 hirundo,

335 1458 373 1519 ut
387 1457 507 1532 metuit,
529 1473 568 1518 ne
584 1474 646 1534 qua
660 1475 752 1520 versa
765 1466 902 1522 recurrat
918 1459 1032 1520 hiemst

228 1547 281 1604 855
296 1540 397 1618 Saepe
411 1546 527 1618 tamen,
550 1541 683 1619 Procne,
703 1543 828 1603 ninnium
843 1557 1026 1620 properasse
1040 1537 1158 1615 quereris,

336 1627 453 1702 Virque
471 1633 522 1686 luo
537 1626 650 1688 Tereus
667 1627 779 1704 lrigore
795 1629 892 1689 laetus
907 1629 972 1688 erit.

519 1760 570 1826 27.
589 1763 614 1822 B
632 1761 756 1836 leq-rt>
791 1759 842 1824 28.
865 1761 916 1823 CC

295 1882 419 1958 lamque
434 1885 515 1946 duae
530 1891 647 1946 restant
662 1891 769 1945 noctes
785 1884 824 1944 de
842 1898 949 1943 mense
963 1879 1100 1942 seeundo.

328 1965 473 2044 Marsque
488 1968 567 2031 citos
582 1968 693 2030 iunctis
708 1967 846 2028 curribus
860 1973 950 2043 urget
966 1981 1076 2042 equos:

293 2049 340 2109 Ex
353 2066 428 2112 vero
447 2054 581 2128 positum
595 2051 764 2129 permansit
777 2051 903 2127 Equiria
918 2065 1038 2126 nomen,
1175 2057 1176 2062 ’

226 2137 280 2194 860
333 2133 417 2207 Quae
430 2136 507 2196 deus
523 2137 554 2195 in
568 2137 682 2212 Campo
700 2136 850 2212 prospicit
863 2136 932 2213 ipse
947 2151 1015 2196 suo.

294 2216 362 2277 lure
376 2218 480 2296 venis,
503 2220 645 2280 Gradive.
682 2222 783 2289 locum
798 2228 851 2282 tua
864 2228 1004 2297 tempora
1020 2217 1133 2295 poseant

335 2298 540 2381 signatusque
554 2310 605 2366 tuo
621 2305 745 2366 nemine
759 2305 875 2366 mensis
889 2304 988 2364 adest.

293 2385 442 2449 Venimus
458 2388 486 2449 in
502 2395 638 2465 portum,
660 2388 738 2449 libro
757 2404 826 2449 eum
842 2403 949 2450 mense
965 2393 1094 2463 peraeto.

333 2469 461 2548 Naviget
475 2472 546 2534 hine
560 2474 619 2534 alia
634 2474 693 2532 iarn
708 2473 782 2533 mihi
797 2473 886 2533 linter
899 2487 990 2546 aqua.

621 2632 767 2640 -m—

510 2737 661 2820 tinuit
699 2735 933 2822 tunultu.

296 2853 432 2965 Bellica,
456 2889 605 2967 depositis
621 2892 721 2969 elipeo
737 2892 895 2970 paulisper
910 2897 941 2953 et
954 2891 1052 2966 hasta,

333 2973 432 3051 Mars,
454 2974 547 3050 ades,
569 2985 600 3037 et
614 2976 726 3038 nitidas
742 2977 866 3038 casside
881 2976 970 3038 solve
987 2989 1097 3036 comas.

292 3057 433 3118 Forsitan
448 3057 516 3134 ipse
529 3075 637 3136 roges,
655 3061 727 3136 quid
743 3061 783 3122 sit
796 3076 864 3122 eum
879 3059 977 3120 Marte
993 3060 1118 3136 poetael

333 3144 361 3200 A
376 3147 421 3216 te,
445 3143 495 3218 qui
511 3145 643 3217 canitur,
667 3145 791 3206 nomina
805 3143 922 3204 mensis
936 3142 1039 3203 habet.

262 3224 366 3302 elpsa
379 3225 469 3288 'vides
483 3228 624 3290 manibus
642 3227 748 3304 peragi
762 3229 828 3289 lera
840 3228 923 3288 bella
935 3227 1098 3288 Minervae.
1172 3243 1173 3260 ¹

333 3308 411 3370 llum
428 3309 528 3372 minus
544 3312 682 3388 ingenuis
697 3311 812 3374 artibus
826 3313 878 3372 illa
892 3319 1004 3374 vaeatt

292 3393 424 3454 Palladis
439 3397 581 3473 exemplo
596 3397 759 3472 ponendae
773 3405 913 3473 tempora
928 3411 1016 3457 sume

334 3476 487 3555 (iaspidis.
524 3479 660 3542 invenies
676 3487 707 3542 et
721 3481 805 3557 quod
820 3480 945 3542 inermis
961 3495 1047 3557 agas-
