2450 3932
167 273 209 338 30
564 273 790 336 TRISTIUM

186 436 237 491 311
290 427 328 488 Ε1
338 429 416 488 lnlso
432 429 513 488 movi
528 434 637 503 pectus
652 440 756 484 amore
771 440 880 486 meum.

248 511 315 574 Non
330 513 473 587 equidem
489 512 609 572 vellem.
642 509 699 570 sed
716 524 765 567 me
780 525 849 571 mea
863 512 925 570 lata
938 509 1115 586 trahebant,

290 596 387 671 Inque
400 611 485 656 meas
501 611 619 670 poenas
633 593 812 668 ingeniosus
828 611 920 655 crem.

247 679 283 738 Ei
297 679 378 755 mihi,
401 681 486 755 qnod
501 679 602 754 didici,
627 675 710 752 quod
725 691 774 736 me
788 679 921 739 docuere
936 685 1094 755 parentes,

287 762 462 837 Litteraque
476 770 525 824 cst
539 765 647 823 oeulos
662 762 723 820 ulla
738 771 856 823 morata
869 770 971 823 meost

184 855 236 912 315
246 846 331 906 Haec
345 845 398 906 tibi
415 863 464 905 me
478 847 610 907 invisum
625 845 751 905 lascivia
766 845 845 919 lecit,
869 846 907 906 ob
922 847 1023 920 Artes,

291 930 372 1005 Quas
386 937 469 991 ratus
485 947 520 991 es
535 931 647 990 vetitos
662 927 847 990 sollicitasse
864 938 958 992 toros.

246 1013 308 1075 Sed
325 1030 426 1088 neque
440 1029 489 1073 me
503 1020 616 1090 nuptae
632 1012 802 1091 didicerunt
819 1015 897 1074 turta
911 1014 1068 1091 magistro,

286 1097 435 1172 Quodque
450 1113 556 1173 parum
571 1097 665 1172 novit,
686 1112 775 1158 nemo
791 1098 904 1158 docere
919 1104 1028 1173 potest.

247 1181 299 1244 Sic
313 1195 371 1257 ego
388 1181 515 1242 delicias
530 1188 561 1241 et
575 1182 678 1243 mollia
693 1182 827 1241 earmina
841 1182 908 1256 leci,

183 1274 236 1328 350
288 1263 448 1326 strinxerit
461 1272 493 1326 ut
506 1281 616 1326 nomen
632 1266 736 1326 tabula
750 1266 832 1326 nulla
846 1281 955 1326 meum.

247 1349 309 1409 Nec
324 1349 488 1424 quisquam
504 1357 552 1410 est
565 1350 644 1411 adeo
659 1350 760 1409 media
774 1349 814 1410 de
828 1351 918 1426 plebe
932 1349 1068 1424 maritae,

284 1432 324 1493 Ut
339 1432 451 1494 dubius
465 1435 539 1494 vitio
555 1435 595 1495 sit
608 1441 697 1509 pater
709 1434 760 1492 ille
774 1449 853 1495 meo.

247 1516 344 1577 Crede
358 1517 439 1591 mihi,
463 1519 576 1580 distant
590 1533 692 1580 mores
708 1533 727 1578 a
743 1517 876 1578 carmine
890 1523 1012 1580 nostro=

286 1600 359 1663 Vita
371 1603 546 1663 verecunda
560 1609 615 1677 111,
635 1603 725 1662 Musa
739 1602 847 1662 iocosa
861 1616 938 1676 mea,

77 1761 80 1768 ¹
183 1694 234 1749 355
245 1684 419 1760 Magnaque
434 1703 507 1762 pars
524 1701 650 1763 operum
665 1686 797 1746 mendax
811 1693 842 1747 et
856 1685 926 1746 licta
940 1699 1078 1747 meorum

283 1769 355 1830 Plus
370 1769 429 1830 sibi
443 1771 581 1846 permisit
596 1770 802 1846 compositore
820 1784 887 1830 suo.
985 1825 986 1828 ,

243 1854 306 1914 Ν11
320 1852 397 1913 liber
411 1854 556 1915 indicium
570 1861 618 1916 est
631 1855 732 1928 animi,
755 1853 810 1914 sed
825 1854 954 1914 honesta
968 1853 1127 1931 voluptas,

287 1937 420 1997 Plurima
434 1939 603 1998 mulcendis
619 1940 743 1998 auribus
759 1945 830 2013 apta
844 1938 955 1998 terens.

243 2021 357 2081 Accius
372 2027 568 2095 1111111101,
590 2022 721 2082 conviva
734 2022 891 2082 Terentius
906 2029 997 2094 esset,
1012 2041 1014 2045 ’

182 2113 235 2168 161
285 2105 398 2164 Essent
412 2119 569 2179 pugnaces
585 2107 636 2181 qui
652 2105 811 2166 terebella
826 2111 945 2166 canunt.

241 2188 381 2263 Denique
396 2190 556 2265 composui
571 2196 693 2251 teneros
709 2204 770 2250 non
786 2190 872 2250 solus
887 2204 1024 2250 amores:

287 2271 463 2369 Composito
478 2289 597 2348 poenas
613 2276 699 2335 solus
715 2288 819 2334 amore
834 2273 915 2332 dedi.

244 2355 330 2431 Quid,
350 2355 408 2416 nisi
425 2371 493 2416 eum
508 2359 599 2419 multo
615 2358 767 2418 Venerem
781 2357 968 2417 confundere
985 2355 1067 2432 vine,

283 2428 443 2516 Praecepit
457 2440 546 2518 lyrici
560 2443 633 2503 Teia
647 2443 734 2502 Musa
751 2440 855 2501 1111111

180 2533 230 2589 365
241 2522 353 2584 Lesbia
369 2526 442 2600 quid
455 2526 559 2587 docuit
574 2526 710 2603 Sappho,
734 2523 792 2583 nisi
808 2539 911 2583 amare
924 2523 1067 2598 puellas?

284 2610 358 2668 Tuta
373 2615 474 2669 tamen
490 2609 626 2686 Sappho,
650 2617 731 2670 tutus
747 2614 777 2667 et
791 2607 842 2667 ille
857 2608 921 2668 luit.

239 2693 302 2752 Nee
316 2693 378 2766 tibi,
397 2693 546 2768 Battiade,
568 2694 680 2768 nocuit,
705 2692 788 2768 quod
803 2707 899 2767 saepe
914 2691 1023 2767 legenti

284 2774 417 2835 Delicias
432 2791 526 2837 versu
540 2777 643 2838 lassus
660 2793 694 2838 es
709 2777 777 2854 ipse
791 2781 871 2837 tuas.

239 2858 355 2919 Fabula
369 2859 492 2919 iucundi
507 2862 589 2922 nulla
604 2868 651 2922 est
666 2862 732 2922 sine
747 2875 852 2921 amore
866 2857 1034 2934 Menandri,

179 2951 231 3006 370
282 2943 321 3003 Et
335 2943 414 3005 solet
428 2943 478 3004 hie
492 2946 596 3020 pueris
600 2945 845 3044 virginibusque
859 2943 929 3020 legi

240 3027 334 3087 llias
326 3043 394 3103 ipsa
410 3028 484 3103 quid
500 3037 554 3107 est,
577 3029 635 3090 nisi
649 3029 747 3126 turpis
763 3029 916 3102 adultera,
939 3027 977 3087 de
993 3043 1054 3100 qua

281 3111 362 3172 Inter
377 3121 542 3174 amatorem
557 3131 661 3191 pugna
674 3115 905 3187 1111111111
849 3112 925 3172 111111

240 3195 318 3269 Quid
333 3197 417 3271 prius
434 3205 481 3259 est
495 3198 556 3259 illie
570 3198 693 3259 flamma
708 3196 907 3274 ChryseidoS,
929 3181 1022 3270 utque

279 3277 398 3341 Fecerit
412 3283 506 3342 iratos
521 3289 609 3359 rapta
624 3282 726 3358 puella
741 3282 859 3341 ducest

176 3371 228 3427 375
239 3365 302 3424 Aul
317 3365 390 3438 quid
407 3365 549 3443 Odyssea
563 3373 619 3441 est,
641 3366 700 3426 nisi
716 3365 836 3439 semina,
860 3369 985 3440 propter
999 3376 1153 3440 amorem,

278 3447 357 3508 llum
371 3450 419 3510 vir
433 3450 528 3522 abest,
550 3451 652 3511 multis
669 3466 728 3510 una
743 3449 836 3525 petita
851 3449 978 3524 procist

242 3531 324 3606 91111,
347 3535 406 3595 nisi
422 3535 609 3611 Maeonides,
631 3535 783 3594 Venerem
797 3533 986 3607 Martemque
1000 3530 1113 3606 ligatos
