2450 3932
177 179 220 244 22
575 168 801 234 TRISTIUM

300 331 411 391 l‘urum
425 325 578 388 discussis
593 326 666 384 aera
679 321 781 381 reddit
794 321 895 394 aquis.

263 415 333 476 lure
347 413 437 490 igitur
451 410 633 487 genitorque
648 408 741 467 deum
755 410 920 480 rectorque
934 411 1074 474 vocatur,

297 500 367 558 Iure
382 511 482 573 capax
496 493 629 554 muudus
644 490 686 550 nil
700 491 774 550 Iove
788 491 887 549 maius
902 489 1003 549 habet.

262 585 308 645 Tu
324 596 458 658 quoque,
475 595 543 639 cum
558 575 677 651 patriae
690 579 793 634 rector
806 573 910 634 dicare
925 577 1088 649 paterque,

216 677 252 731 00
304 667 397 728 Utere
411 678 497 724 more
512 661 561 722 dei
577 674 689 721 nomen
703 656 844 720 habentis
859 658 951 718 idem.

262 751 359 824 quue
373 749 460 823 lacis,
476 761 533 807 nec
547 752 578 806 te
594 743 759 820 quisquam
772 741 959 802 moderatius
973 757 1126 819 umquam

307 833 429 908 Imperii
444 829 544 908 potuit
556 829 643 888 irena
657 834 762 888 tenere
776 826 833 888 sui.

264 920 310 979 Tu
323 918 445 978 veniam
460 913 539 992 perti
554 919 719 990 superatae
735 926 831 987 saepe
846 909 968 983 dedisti,

305 1002 374 1062 Non
389 1013 597 1061 concessurus
614 1012 707 1072 quam
720 997 773 1057 tibi
786 995 886 1055 victor
900 1000 974 1055 erat.

217 1099 251 1153 45
265 1085 382 1147 Divitiis
397 1085 488 1144 etiam
501 1083 612 1144 multos
628 1089 659 1142 et
671 1079 841 1142 honoribus
856 1085 965 1140 auctos

303 1168 384 1243 Vidi,
400 1168 451 1244 qui
466 1169 598 1228 tulerant
610 1165 641 1226 iu
657 1170 750 1240 caput
764 1179 850 1224 arma
863 1171 957 1224 tuum.

267 1254 413 1329 Quaeque
428 1252 494 1312 dies
509 1250 631 1325 bellum,
647 1249 718 1310 belli
731 1248 784 1309 tibi
801 1248 924 1309 sustulit
937 1248 1023 1323 iram,

306 1338 445 1413 Parsque
460 1335 548 1398 simul
562 1333 685 1409 templs
698 1340 829 1408 utraque
843 1332 926 1392 dona
938 1331 1015 1393 tulit

266 1423 368 1496 thue
381 1427 453 1481 tuus
467 1419 581 1495 gaudet
595 1418 691 1493 011105,
712 1417 797 1492 quod
809 1415 917 1476 ulccrit
928 1415 1059 1492 hostem,

219 1520 253 1572 50
307 1504 358 1566 Sic
372 1504 486 1564 victum
501 1519 555 1564 cur
569 1519 604 1564 se
618 1503 759 1578 gaudeat,
774 1499 874 1562 hostis
888 1500 990 1562 habet.

269 1579 369 1650 Causa
382 1603 451 1648 mea
465 1595 513 1649 est
526 1588 642 1662 melior,
659 1586 711 1661 qui
726 1601 784 1647 nec
798 1585 951 1646 contraria
963 1586 1052 1646 dicor

310 1675 413 1746 Arma,
428 1687 486 1733 uec
500 1671 629 1732 hostiles
645 1686 717 1732 esse
733 1677 857 1732 secutus
874 1685 962 1746 opes.

268 1757 326 1817 Per
340 1772 433 1832 mare,
448 1772 504 1833 per
518 1763 625 1831 terras,
641 1771 698 1832 per
711 1755 800 1815 tertia
813 1754 938 1815 numina
952 1756 1029 1831 iuro,

309 1842 367 1901 Per
381 1850 411 1902 te
424 1848 621 1917 praesentem
635 1840 900 1916 conspicuumque
916 1840 1022 1900 deum:

219 1933 253 1987 55
268 1927 357 1986 Ηο00
371 1925 504 1987 animum
520 1924 635 1984 lavIsse
649 1924 713 1998 tibi,
727 1925 774 1984 vir
788 1924 929 1998 maxime,
945 1939 1067 2000 meque,

311 2009 377 2084 Qua
390 2011 458 2070 5010
473 2008 567 2084 potui,
583 2014 684 2068 mente
699 2007 795 2068 luisse
810 2014 904 2069 tuum.

272 2091 389 2168 Optavi,
407 2099 528 2168 peteres
544 2093 689 2153 caelestia
703 2092 806 2152 sidera
819 2093 915 2168 tarde,

311 2176 451 2251 Parsque
466 2175 507 2235 lui
522 2175 629 2236 turbae
643 2192 739 2255 parva
752 2178 906 2252 precantis
920 2178 1010 2252 idem,

258 2260 308 2320 ·Ε1
321 2259 374 2336 pia
388 2267 456 2322 tura
470 2259 541 2319 dedi
556 2277 614 2336 pro
630 2269 669 2337 te,
685 2277 816 2336 cumque
831 2263 974 2324 omnibus
988 2279 1071 2324 unus

217 2349 252 2404 00
303 2345 376 2420 lpse
394 2359 519 2421 quoque
536 2344 639 2405 adiuvi
661 2345 784 2421 publica
800 2355 873 2408 vota
888 2347 975 2408 meis.

271 2429 349 2503 Quid
360 2431 491 2490 relcram
504 2429 610 2503 libros,
625 2429 694 2491 illos
712 2446 845 2507 quoque,
865 2429 991 2492 crimina
1004 2440 1125 2508 nostra,

311 2513 394 2575 Mille
409 2514 486 2577 locis
500 2515 609 2590 plenos
625 2512 756 2575 numiuis
770 2531 841 2575 esse
855 2516 920 2578 tuit

270 2599 391 2674 Inspice
405 2598 503 2658 maius
517 2614 605 2672 opus,
622 2598 707 2673 quod
718 2598 818 2659 adhuc
831 2599 898 2661 sine
910 2601 972 2661 1100
982 2601 1104 2677 reliqui.

311 2684 345 2742 lu
360 2698 421 2742 non
437 2680 610 2742 credendos
623 2696 755 2758 corpora
767 2699 859 2744 versa
871 2685 998 2747 modos:

220 2773 254 2830 65
269 2764 411 2826 Invenies
423 2764 519 2826 vestri
530 2767 697 2841 praeconia
711 2767 844 2829 nominis
858 2769 929 2845 illic,

309 2847 450 2910 Invenies
467 2849 557 2910 animi
568 2850 698 2927 pignora
709 2853 802 2913 multe
817 2853 887 2915 mei.

269 2933 402 2994 1100100
420 2933 609 3020 carminibus
617 2936 715 2997 maior
727 2937 761 2997 111
776 2937 882 3010 gloria.
906 2952 1051 3012 necque,

311 3017 352 3078 Ut
367 3017 464 3079 maior
476 3017 537 3092 1101,
551 3035 693 3082 cresccre
704 3021 815 3096 possit,
832 3021 935 3082 habet.

270 3101 362 3162 Fama
378 3101 444 3163 Iovi
456 3110 607 3178 superest.
629 3111 729 3166 tamen
744 3105 826 3165 hunc
838 3122 895 3166 500
906 3108 986 3167 10010
996 3105 1106 3166 rcl'erri

223 3191 258 3249 to
312 3185 350 3246 Et
362 3201 398 3247 se
411 3187 567 3248 materiam
582 3189 723 3250 carmInis
736 3205 808 3251 esse
820 3190 912 3266 iuvat,

273 3269 410 3346 Cumque
424 3271 561 3346 Gigantei
574 3283 782 3335 memorantur
797 3275 916 3349 proelia
929 3274 1012 3348 belli,
1070 3282 1073 3287 '

313 3353 463 3415 Credibile
476 3362 524 3416 est
537 3357 650 3417 laetum
664 3358 807 3419 laudibus
822 3374 895 3421 esse
909 3358 986 3420 suis.

269 3440 311 3500 Te
327 3439 481 3500 celebrant
493 3437 543 3498 alii
558 3449 673 3516 quanto
688 3441 778 3503 decet
790 3457 852 3517 ore,
865 3439 999 3518 tuasque
