2450 3932
188 241 230 308 14
608 237 837 300 TRISTIUM

249 394 489 468 Assimilemque
503 389 551 452 sui
569 391 663 465 longa
677 391 876 451 assuetudine
891 390 971 466 iecit,

289 477 422 539 Grandia
437 476 464 537 si
482 475 588 553 parvis
603 475 774 535 assimilare
788 475 868 535 licet.

250 561 287 624 El
300 562 388 638 mihi,
403 576 465 622 non
480 575 607 634 magnas
623 559 708 634 quod
722 557 836 620 habent
854 575 923 619 mea
938 557 1073 618 camnine
1089 559 1186 634 vires,

201 655 236 712 30
289 647 463 720 Nostraque
483 649 555 704 sunt
567 643 683 703 meritis
700 659 754 704 ora
768 643 886 704 minora
902 643 972 717 tuis,

252 730 360 807 Siquid
376 729 451 790 etin
465 727 555 789 nobis
569 726 633 787 vivi
647 726 703 788 init
717 733 786 787 ante
800 723 926 803 vigoris,

140 817 143 822 '
291 814 464 876 Extinctum
477 813 577 888 longis
593 811 705 872 occidit
719 826 809 871 omne
825 812 923 872 malis.

248 899 348 959 Prima
363 899 464 959 locum
484 901 607 958 sanctas
622 895 767 956 heroidas
781 895 860 955 inter
877 895 1017 972 haberes,

291 982 392 1042 Prima
401 980 492 1043 bonis
508 980 600 1040 animi
620 980 837 1056 conspicerere
851 980 905 1044 tui.

201 1076 235 1130 35
251 1068 533 1142 Quantumcumque
546 1072 648 1126 tamen
664 1065 830 1140 praeconia
844 1070 949 1125 nostra
962 1064 1118 1141 valebunt,

293 1148 483 1210 Carminibus
497 1149 585 1208 vives
599 1155 720 1224 tempus
736 1149 767 1207 in
784 1163 874 1208 omne
888 1149 975 1208 meis.

190 1283 231 1376 7·
253 1285 363 1394 Siquis
378 1319 475 1380 habes
495 1319 609 1380 nostris
628 1317 742 1378 similes
759 1317 789 1377 in
805 1318 936 1394 imagine
951 1320 1061 1392 vultus,

291 1404 388 1464 Deme
401 1404 478 1466 meis
494 1404 642 1476 hederas,
657 1401 810 1462 Bacchica
826 1408 923 1478 serta,
940 1403 1045 1463 comis.

251 1488 315 1547 Ista
334 1488 444 1548 decent
460 1489 558 1548 laetos
575 1486 676 1547 felicia
696 1488 784 1562 signa
798 1493 919 1563 poetas.

291 1571 493 1647 Temporibus
508 1588 570 1632 non
586 1577 634 1630 est
647 1575 721 1645 apta
735 1586 851 1632 corona
865 1570 952 1632 meis.

221 1662 236 1715 5
251 1654 336 1714 Haec
350 1655 404 1716 tibi
418 1655 591 1730 dissimula,
609 1653 688 1715 senti
702 1659 818 1729 tumen,
835 1656 963 1731 optime,
983 1654 1053 1731 dici,

204 1731 205 1741 ’
291 1739 326 1798 ln
341 1739 435 1814 digito
452 1740 505 1817 qni
518 1739 568 1799 me
582 1739 708 1814 fersque
722 1739 883 1814 refersque
897 1747 959 1812 tuo,

249 1822 452 1900 Effigiemque
466 1840 566 1885 meam
581 1823 665 1884 fulvo
682 1823 862 1898 complexus
878 1824 909 1882 in
924 1839 999 1883 auro

293 1907 370 1966 Cara
383 1908 524 1984 relegati,
541 1924 621 1983 quae
635 1913 740 1983 potes,
758 1923 813 1968 ora
830 1907 930 1967 vides.

252 1990 336 2064 Quae
352 1993 493 2065 quotiens
507 1999 646 2067 spectaS,
665 1992 774 2052 subeat
785 1991 838 2051 tibi
854 1992 957 2052 dicere
977 1991 1079 2051 forsan

203 2081 238 2134 10
295 2073 402 2147 ‘Quam
419 2077 527 2151 procul
542 2091 561 2134 a
575 2074 665 2136 nobis
679 2075 762 2135 Naso
778 2076 895 2136 sodalis
910 2075 999 2136 abest
1007 2079 1041 2146 ι’,

251 2156 343 2216 Grata
358 2163 410 2219 tua
425 2153 473 2219 es't
488 2160 596 2235 pietas.
639 2159 696 2218 sed
712 2160 845 2220 carmina
860 2159 958 2221 maior
972 2160 1073 2234 imago

295 2240 372 2301 Sunt
389 2259 472 2317 mea,
488 2258 568 2318 quae
586 2243 699 2302 mando
717 2244 952 2319 qualiacumque
970 2244 1066 2318 legas,

253 2324 393 2385 Carmina
408 2335 538 2388 mutatas
554 2326 711 2388 hominum
728 2327 859 2388 dicentia
874 2328 999 2402 formas,

292 2408 402 2469 Infelix
416 2410 530 2471 domini
550 2411 634 2487 quod
649 2412 721 2486 iuga
734 2413 816 2488 rupit
835 2428 924 2488 opus.

204 2501 237 2554 15
252 2493 337 2553 Haec
357 2510 414 2570 ego
430 2495 611 2572 discedens,
628 2495 708 2556 sicut
721 2497 800 2556 bene
817 2497 911 2558 multa
925 2511 1072 2568 meorum,

292 2579 366 2654 lpse
379 2594 449 2638 mea
462 2581 554 2654 posui
569 2586 705 2640 maestus
725 2579 756 2638 in
775 2579 846 2656 igne
863 2586 964 2643 manu.

250 2663 352 2736 thue
373 2677 528 2722 cremasse
542 2679 633 2723 suum
649 2663 745 2723 fertur
761 2665 818 2724 sub
834 2665 935 2741 stipite
950 2671 1051 2724 natum

288 2744 429 2805 Thestias
444 2750 474 2805 et
492 2746 600 2807 melior
614 2752 710 2806 matre
725 2747 822 2809 fuisse
834 2764 932 2822 soror,

248 2829 300 2888 Sic
315 2843 373 2903 ego
393 2845 456 2890 non
470 2831 595 2892 meritos
612 2847 732 2894 mecum
746 2833 882 2908 peritura
896 2831 1016 2892 libellos

200 2921 236 2974 20
290 2913 427 2987 imposui
442 2914 560 2990 rapidis
574 2915 698 2976 viscera
712 2922 819 2976 nostra
836 2917 937 2992 rogis=

249 2996 308 3056 Vel
323 2998 408 3072 quod
422 3014 504 3058 eram
519 2998 641 3074 Musas,
661 3006 695 3060 ut
714 3000 840 3060 crimina
859 3006 982 3074 nostra,
998 3015 1143 3075 perosus,

284 3082 344 3140 Vel
359 3082 445 3156 quod
463 3083 564 3143 adhuc
581 3098 727 3144 crescens
743 3091 773 3144 et
790 3085 867 3144 rude
887 3100 1010 3144 carmen
1031 3089 1105 3141 erat.

252 3165 336 3240 Quae
352 3167 497 3241 quoniam
511 3183 574 3227 non
590 3173 661 3229 sunt
675 3168 798 3244 penitus
814 3167 946 3244 sublata,
966 3166 1024 3227 sed
1038 3172 1156 3242 extrem,

287 3249 428 3311 Pluribus
443 3252 593 3327 exemplis
609 3252 725 3328 scripta
744 3251 842 3312 luisse
855 3268 935 3312 reor.

198 3341 232 3396 25
246 3334 332 3396 Nunc
346 3351 472 3411 precor,
487 3343 521 3397 ut
534 3336 639 3396 vivant
658 3343 688 3396 et
701 3351 764 3396 non
777 3336 892 3412 ignava
911 3337 1063 3412 legentem

290 3419 356 3482 Otia
372 3419 523 3482 delectent
542 3421 789 3495 admoneantque
808 3421 877 3481 mei.

246 3503 308 3564 Nec
323 3509 424 3564 tamen
440 3505 491 3565 illa
506 3505 566 3579 legi
582 3510 725 3580 poterunt
739 3505 890 3580 patienter
903 3505 942 3565 ab
961 3504 1035 3579 ullo,
