<?xml version="1.0" encoding="UTF-8"?>
<!DOCTYPE html PUBLIC "-//W3C//DTD XHTML 1.0 Transitional//EN"
    "http://www.w3.org/TR/xhtml1/DTD/xhtml1-transitional.dtd">
<html xmlns="http://www.w3.org/1999/xhtml" xml:lang="en" lang="en">
 <head>
  <title>
</title>
<meta http-equiv="Content-Type" content="text/html;charset=utf-8" />
  <meta name='ocr-system' content='tesseract 3.04.00' />
  <meta name='ocr-capabilities' content='ocr_page ocr_carea ocr_par ocr_line ocrx_word'/>
</head>
<body>
  <div class='ocr_page' id='page_1' title='image "./povidiusnaso00goog_0085.png"; bbox 0 0 2394 3940; ppageno 0'>
   <div class='ocr_carea' id='block_1_1' title="bbox 166 200 788 270">
    <p class='ocr_par' dir='ltr' id='par_1_1' title="bbox 166 200 788 270">
     <span class='ocr_line' id='line_1_1' title="bbox 166 200 788 270; baseline -0.008 -1"><span class='ocrx_word' id='word_1_1' title='bbox 166 200 210 270; x_wconf 74' lang='lat' dir='ltr'><strong>ll</strong></span> <span class='ocrx_word' id='word_1_2' title='bbox 559 201 788 266; x_wconf 78' lang='lat' dir='ltr'><strong>ralsrttiltt</strong></span> 
     </span>
    </p>
   </div>
   <div class='ocr_carea' id='block_1_2' title="bbox 177 355 1170 3297">
    <p class='ocr_par' dir='ltr' id='par_1_2' title="bbox 177 355 1170 3297">
     <span class='ocr_line' id='line_1_2' title="bbox 201 355 1057 433; baseline -0.004 -10"><span class='ocrx_word' id='word_1_3' title='bbox 201 367 238 424; x_wconf 80' lang='lat' dir='ltr'><strong>lo</strong></span> <span class='ocrx_word' id='word_1_4' title='bbox 290 357 347 418; x_wconf 80' lang='lat' dir='ltr'><strong>Est</strong></span> <span class='ocrx_word' id='word_1_5' title='bbox 360 356 446 432; x_wconf 86' lang='lat' dir='ltr'><strong>date,</strong></span> <span class='ocrx_word' id='word_1_6' title='bbox 467 371 547 432; x_wconf 91' lang='lat' dir='ltr'><strong>quae</strong></span> <span class='ocrx_word' id='word_1_7' title='bbox 564 363 686 432; x_wconf 87' lang='lat' dir='ltr'><strong>tompus</strong></span> <span class='ocrx_word' id='word_1_8' title='bbox 705 371 762 433; x_wconf 89' lang='lat' dir='ltr'><strong>per</strong></span> <span class='ocrx_word' id='word_1_9' title='bbox 777 355 873 416; x_wconf 88' lang='lat' dir='ltr'><strong>breve</strong></span> <span class='ocrx_word' id='word_1_10' title='bbox 888 361 983 432; x_wconf 90' lang='lat' dir='ltr'><strong>nupto</strong></span> <span class='ocrx_word' id='word_1_11' title='bbox 995 357 1057 421; x_wconf 82' lang='lat' dir='ltr'><strong>luit.</strong></span> 
     </span>
     <span class='ocr_line' id='line_1_3' title="bbox 250 437 1011 517; baseline -0.005 -13"><span class='ocrx_word' id='word_1_12' title='bbox 250 442 297 504; x_wconf 91' lang='lat' dir='ltr'><strong>Illi</strong></span> <span class='ocrx_word' id='word_1_13' title='bbox 310 437 470 515; x_wconf 87' lang='lat' dir='ltr'><strong>successit,</strong></span> <span class='ocrx_word' id='word_1_14' title='bbox 487 440 627 517; x_wconf 84' lang='lat' dir='ltr'><strong>quamvis</strong></span> <span class='ocrx_word' id='word_1_15' title='bbox 641 439 709 500; x_wconf 90' lang='lat' dir='ltr'><strong>sine</strong></span> <span class='ocrx_word' id='word_1_16' title='bbox 728 439 855 500; x_wconf 88' lang='lat' dir='ltr'><strong>crimine</strong></span> <span class='ocrx_word' id='word_1_17' title='bbox 870 441 1011 517; x_wconf 85' lang='lat' dir='ltr'><strong>coniunx,</strong></span> 
     </span>
     <span class='ocr_line' id='line_1_4' title="bbox 291 523 953 586; baseline -0.003 0"><span class='ocrx_word' id='word_1_18' title='bbox 291 524 360 586; x_wconf 86' lang='lat' dir='ltr'><strong>Non</strong></span> <span class='ocrx_word' id='word_1_19' title='bbox 372 530 475 586; x_wconf 90' lang='lat' dir='ltr'><strong>tamen</strong></span> <span class='ocrx_word' id='word_1_20' title='bbox 490 523 643 586; x_wconf 89' lang='lat' dir='ltr'><strong>innostro</strong></span> <span class='ocrx_word' id='word_1_21' title='bbox 657 523 748 586; x_wconf 87' lang='lat' dir='ltr'><strong>firma</strong></span> <span class='ocrx_word' id='word_1_22' title='bbox 760 525 861 586; x_wconf 85' lang='lat' dir='ltr'><strong>lutura</strong></span> <span class='ocrx_word' id='word_1_23' title='bbox 874 528 953 586; x_wconf 87' lang='lat' dir='ltr'><strong>toro.</strong></span> 
     </span>
     <span class='ocr_line' id='line_1_5' title="bbox 250 607 1070 688; baseline 0 -17"><span class='ocrx_word' id='word_1_24' title='bbox 250 609 376 686; x_wconf 89' lang='lat' dir='ltr'><strong>Ultima,</strong></span> <span class='ocrx_word' id='word_1_25' title='bbox 395 623 475 686; x_wconf 88' lang='lat' dir='ltr'><strong>quae</strong></span> <span class='ocrx_word' id='word_1_26' title='bbox 489 623 610 672; x_wconf 88' lang='lat' dir='ltr'><strong>mecam</strong></span> <span class='ocrx_word' id='word_1_27' title='bbox 626 623 715 670; x_wconf 87' lang='lat' dir='ltr'><strong>seros</strong></span> <span class='ocrx_word' id='word_1_28' title='bbox 733 608 902 686; x_wconf 77' lang='lat' dir='ltr'><strong>permansit</strong></span> <span class='ocrx_word' id='word_1_29' title='bbox 913 607 946 670; x_wconf 91' lang='lat' dir='ltr'><strong>in</strong></span> <span class='ocrx_word' id='word_1_30' title='bbox 962 623 1070 688; x_wconf 89' lang='lat' dir='ltr'><strong>annos,</strong></span> 
     </span>
     <span class='ocr_line' id='line_1_6' title="bbox 180 691 891 758; baseline -0.008 0"><span class='ocrx_word' id='word_1_31' title='bbox 180 751 184 758; x_wconf 93' lang='lat'>.</span> <span class='ocrx_word' id='word_1_32' title='bbox 292 692 442 755; x_wconf 82' lang='lat' dir='ltr'><strong>Sustinuit</strong></span> <span class='ocrx_word' id='word_1_33' title='bbox 460 693 596 755; x_wconf 86' lang='lat' dir='ltr'><strong>coniunx</strong></span> <span class='ocrx_word' id='word_1_34' title='bbox 614 693 714 755; x_wconf 85' lang='lat' dir='ltr'><strong>exulis</strong></span> <span class='ocrx_word' id='word_1_35' title='bbox 733 708 806 755; x_wconf 87' lang='lat' dir='ltr'><strong>esse</strong></span> <span class='ocrx_word' id='word_1_36' title='bbox 822 691 891 753; x_wconf 89' lang='lat' dir='ltr'><strong>viri.</strong></span> 
     </span>
     <span class='ocr_line' id='line_1_7' title="bbox 199 777 952 855; baseline 0.003 -17"><span class='ocrx_word' id='word_1_37' title='bbox 199 791 236 850; x_wconf 69' lang='lat'><strong>75</strong></span> <span class='ocrx_word' id='word_1_38' title='bbox 249 777 326 840; x_wconf 83' lang='lat' dir='ltr'><strong>Filia</strong></span> <span class='ocrx_word' id='word_1_39' title='bbox 339 793 390 839; x_wconf 91' lang='lat' dir='ltr'><strong>me</strong></span> <span class='ocrx_word' id='word_1_40' title='bbox 408 793 478 852; x_wconf 87' lang='lat' dir='ltr'><strong>mea</strong></span> <span class='ocrx_word' id='word_1_41' title='bbox 490 777 540 840; x_wconf 89' lang='lat' dir='ltr'><strong>bis</strong></span> <span class='ocrx_word' id='word_1_42' title='bbox 559 778 658 855; x_wconf 89' lang='lat' dir='ltr'><strong>prima</strong></span> <span class='ocrx_word' id='word_1_43' title='bbox 673 777 806 840; x_wconf 83' lang='lat' dir='ltr'><strong>fecunda</strong></span> <span class='ocrx_word' id='word_1_44' title='bbox 819 777 952 854; x_wconf 87' lang='lat' dir='ltr'><strong>iuventa,</strong></span> 
     </span>
     <span class='ocr_line' id='line_1_8' title="bbox 293 859 936 940; baseline 0.003 -16"><span class='ocrx_word' id='word_1_45' title='bbox 293 859 357 924; x_wconf 87' lang='lat' dir='ltr'><strong>Sed</strong></span> <span class='ocrx_word' id='word_1_46' title='bbox 374 878 436 925; x_wconf 90' lang='lat' dir='ltr'><strong>non</strong></span> <span class='ocrx_word' id='word_1_47' title='bbox 452 877 492 924; x_wconf 88' lang='lat' dir='ltr'><strong>ex</strong></span> <span class='ocrx_word' id='word_1_48' title='bbox 507 878 569 924; x_wconf 92' lang='lat' dir='ltr'><strong>uno</strong></span> <span class='ocrx_word' id='word_1_49' title='bbox 589 863 735 940; x_wconf 78' lang='lat' dir='ltr'><strong>coniuge,</strong></span> <span class='ocrx_word' id='word_1_50' title='bbox 751 863 824 924; x_wconf 86' lang='lat' dir='ltr'><strong>tecit</strong></span> <span class='ocrx_word' id='word_1_51' title='bbox 837 877 936 926; x_wconf 87' lang='lat' dir='ltr'><strong>avam.</strong></span> 
     </span>
     <span class='ocr_line' id='line_1_9' title="bbox 248 945 1054 1026; baseline 0.004 -18"><span class='ocrx_word' id='word_1_52' title='bbox 248 945 365 1012; x_wconf 80' lang='lat' dir='ltr'><strong>Etiam</strong></span> <span class='ocrx_word' id='word_1_53' title='bbox 383 946 551 1024; x_wconf 88' lang='lat' dir='ltr'><strong>complerat</strong></span> <span class='ocrx_word' id='word_1_54' title='bbox 567 947 687 1024; x_wconf 78' lang='lat' dir='ltr'><strong>genitor</strong></span> <span class='ocrx_word' id='word_1_55' title='bbox 706 962 764 1009; x_wconf 89' lang='lat' dir='ltr'><strong>sua</strong></span> <span class='ocrx_word' id='word_1_56' title='bbox 782 948 860 1022; x_wconf 88' lang='lat' dir='ltr'><strong>lata,</strong></span> <span class='ocrx_word' id='word_1_57' title='bbox 879 963 1054 1026; x_wconf 89' lang='lat' dir='ltr'><strong>novemque</strong></span> 
     </span>
     <span class='ocr_line' id='line_1_10' title="bbox 289 1031 937 1096; baseline -0.003 -2"><span class='ocrx_word' id='word_1_58' title='bbox 289 1031 462 1094; x_wconf 79' lang='lat' dir='ltr'><strong>Addiderat</strong></span> <span class='ocrx_word' id='word_1_59' title='bbox 476 1032 581 1096; x_wconf 86' lang='lat' dir='ltr'><strong>lustris</strong></span> <span class='ocrx_word' id='word_1_60' title='bbox 595 1032 692 1095; x_wconf 88' lang='lat' dir='ltr'><strong>altera</strong></span> <span class='ocrx_word' id='word_1_61' title='bbox 704 1034 802 1095; x_wconf 88' lang='lat' dir='ltr'><strong>lustra</strong></span> <span class='ocrx_word' id='word_1_62' title='bbox 815 1047 937 1094; x_wconf 87' lang='lat' dir='ltr'><strong>novem.</strong></span> 
     </span>
     <span class='ocr_line' id='line_1_11' title="bbox 248 1117 1027 1196; baseline 0 -16"><span class='ocrx_word' id='word_1_63' title='bbox 248 1118 317 1181; x_wconf 84' lang='lat' dir='ltr'><strong>Non</strong></span> <span class='ocrx_word' id='word_1_64' title='bbox 335 1117 422 1178; x_wconf 90' lang='lat' dir='ltr'><strong>aliter</strong></span> <span class='ocrx_word' id='word_1_65' title='bbox 436 1117 525 1194; x_wconf 87' lang='lat' dir='ltr'><strong>ssavi,</strong></span> <span class='ocrx_word' id='word_1_66' title='bbox 541 1134 631 1195; x_wconf 87' lang='lat' dir='ltr'><strong>quem</strong></span> <span class='ocrx_word' id='word_1_67' title='bbox 645 1132 694 1180; x_wconf 91' lang='lat' dir='ltr'><strong>me</strong></span> <span class='ocrx_word' id='word_1_68' title='bbox 708 1117 836 1180; x_wconf 85' lang='lat' dir='ltr'><strong>fleturus</strong></span> <span class='ocrx_word' id='word_1_69' title='bbox 853 1118 1027 1196; x_wconf 88' lang='lat' dir='ltr'><strong>adempttun</strong></span> 
     </span>
     <span class='ocr_line' id='line_1_12' title="bbox 198 1200 874 1279; baseline 0.006 -18"><span class='ocrx_word' id='word_1_70' title='bbox 198 1213 234 1269; x_wconf 78' lang='lat' dir='ltr'><strong>eo</strong></span> <span class='ocrx_word' id='word_1_71' title='bbox 289 1202 344 1264; x_wconf 92' lang='lat' dir='ltr'><strong>llle</strong></span> <span class='ocrx_word' id='word_1_72' title='bbox 359 1201 423 1262; x_wconf 86' lang='lat' dir='ltr'><strong>tuit.</strong></span> <span class='ocrx_word' id='word_1_73' title='bbox 455 1200 545 1264; x_wconf 86' lang='lat' dir='ltr'><strong>Matri</strong></span> <span class='ocrx_word' id='word_1_74' title='bbox 558 1205 698 1279; x_wconf 87' lang='lat' dir='ltr'><strong>proxima</strong></span> <span class='ocrx_word' id='word_1_75' title='bbox 712 1203 793 1266; x_wconf 88' lang='lat' dir='ltr'><strong>iusta</strong></span> <span class='ocrx_word' id='word_1_76' title='bbox 810 1203 874 1265; x_wconf 91' lang='lat' dir='ltr'><strong>tuli.</strong></span> 
     </span>
     <span class='ocr_line' id='line_1_13' title="bbox 249 1285 872 1365; baseline 0.003 -19"><span class='ocrx_word' id='word_1_77' title='bbox 249 1285 368 1347; x_wconf 79' lang='lat' dir='ltr'><strong>Felices</strong></span> <span class='ocrx_word' id='word_1_78' title='bbox 383 1285 473 1347; x_wconf 89' lang='lat' dir='ltr'><strong>ambo</strong></span> <span class='ocrx_word' id='word_1_79' title='bbox 492 1287 737 1365; x_wconf 80' lang='lat' dir='ltr'><strong>tempestiveque</strong></span> <span class='ocrx_word' id='word_1_80' title='bbox 751 1288 872 1365; x_wconf 84' lang='lat' dir='ltr'><strong>sepulti,</strong></span> 
     </span>
     <span class='ocr_line' id='line_1_14' title="bbox 289 1369 958 1450; baseline 0.003 -20"><span class='ocrx_word' id='word_1_81' title='bbox 289 1370 370 1432; x_wconf 86' lang='lat' dir='ltr'><strong>Ante</strong></span> <span class='ocrx_word' id='word_1_82' title='bbox 384 1369 465 1431; x_wconf 91' lang='lat' dir='ltr'><strong>diem</strong></span> <span class='ocrx_word' id='word_1_83' title='bbox 481 1387 602 1447; x_wconf 90' lang='lat' dir='ltr'><strong>poenae</strong></span> <span class='ocrx_word' id='word_1_84' title='bbox 617 1373 703 1450; x_wconf 91' lang='lat' dir='ltr'><strong>quod</strong></span> <span class='ocrx_word' id='word_1_85' title='bbox 719 1371 839 1450; x_wconf 90' lang='lat' dir='ltr'><strong>periere</strong></span> <span class='ocrx_word' id='word_1_86' title='bbox 856 1377 958 1432; x_wconf 83' lang='lat' dir='ltr'><strong>menet</strong></span> 
     </span>
     <span class='ocr_line' id='line_1_15' title="bbox 249 1453 1047 1533; baseline 0.006 -19"><span class='ocrx_word' id='word_1_87' title='bbox 249 1453 299 1515; x_wconf 89' lang='lat' dir='ltr'><strong>Me</strong></span> <span class='ocrx_word' id='word_1_88' title='bbox 318 1470 442 1531; x_wconf 88' lang='lat' dir='ltr'><strong>quoque</strong></span> <span class='ocrx_word' id='word_1_89' title='bbox 461 1455 596 1533; x_wconf 79' lang='lat' dir='ltr'><strong>felicem,</strong></span> <span class='ocrx_word' id='word_1_90' title='bbox 615 1457 699 1533; x_wconf 94' lang='lat' dir='ltr'><strong>quod</strong></span> <span class='ocrx_word' id='word_1_91' title='bbox 717 1473 780 1520; x_wconf 90' lang='lat' dir='ltr'><strong>non</strong></span> <span class='ocrx_word' id='word_1_92' title='bbox 795 1454 969 1519; x_wconf 89' lang='lat' dir='ltr'><strong>viventibus</strong></span> <span class='ocrx_word' id='word_1_93' title='bbox 985 1456 1047 1519; x_wconf 92' lang='lat' dir='ltr'><strong>illis</strong></span> 
     </span>
     <span class='ocr_line' id='line_1_16' title="bbox 293 1538 1007 1618; baseline 0.013 -19"><span class='ocrx_word' id='word_1_94' title='bbox 293 1538 366 1600; x_wconf 88' lang='lat' dir='ltr'><strong>Sum</strong></span> <span class='ocrx_word' id='word_1_95' title='bbox 382 1539 491 1612; x_wconf 89' lang='lat' dir='ltr'><strong>miser,</strong></span> <span class='ocrx_word' id='word_1_96' title='bbox 510 1541 595 1602; x_wconf 88' lang='lat' dir='ltr'><strong>etde</strong></span> <span class='ocrx_word' id='word_1_97' title='bbox 611 1557 661 1602; x_wconf 89' lang='lat' dir='ltr'><strong>me</strong></span> <span class='ocrx_word' id='word_1_98' title='bbox 679 1543 764 1618; x_wconf 91' lang='lat' dir='ltr'><strong>quod</strong></span> <span class='ocrx_word' id='word_1_99' title='bbox 782 1542 909 1604; x_wconf 87' lang='lat' dir='ltr'><strong>doluere</strong></span> <span class='ocrx_word' id='word_1_100' title='bbox 923 1539 1007 1607; x_wconf 91' lang='lat' dir='ltr'><strong>nihil.</strong></span> 
     </span>
     <span class='ocr_line' id='line_1_17' title="bbox 198 1621 1031 1703; baseline 0.007 -21"><span class='ocrx_word' id='word_1_101' title='bbox 198 1627 235 1682; x_wconf 78' lang='lat' dir='ltr'><strong>tii</strong></span> <span class='ocrx_word' id='word_1_102' title='bbox 250 1621 283 1684; x_wconf 92' lang='lat' dir='ltr'><strong>Si</strong></span> <span class='ocrx_word' id='word_1_103' title='bbox 301 1629 402 1684; x_wconf 84' lang='lat' dir='ltr'><strong>tamen</strong></span> <span class='ocrx_word' id='word_1_104' title='bbox 422 1624 562 1687; x_wconf 85' lang='lat' dir='ltr'><strong>extinctis</strong></span> <span class='ocrx_word' id='word_1_105' title='bbox 578 1624 695 1703; x_wconf 87' lang='lat' dir='ltr'><strong>aliquid</strong></span> <span class='ocrx_word' id='word_1_106' title='bbox 713 1627 773 1692; x_wconf 87' lang='lat' dir='ltr'><strong>nisi</strong></span> <span class='ocrx_word' id='word_1_107' title='bbox 789 1627 913 1689; x_wconf 89' lang='lat' dir='ltr'><strong>nomina</strong></span> <span class='ocrx_word' id='word_1_108' title='bbox 926 1632 1031 1702; x_wconf 87' lang='lat' dir='ltr'><strong>restat,</strong></span> 
     </span>
     <span class='ocr_line' id='line_1_18' title="bbox 290 1707 991 1789; baseline 0.001 -21"><span class='ocrx_word' id='word_1_109' title='bbox 290 1707 328 1768; x_wconf 75' lang='lat' dir='ltr'><strong>lit</strong></span> <span class='ocrx_word' id='word_1_110' title='bbox 343 1707 467 1784; x_wconf 78' lang='lat' dir='ltr'><strong>gracilis</strong></span> <span class='ocrx_word' id='word_1_111' title='bbox 483 1716 618 1773; x_wconf 87' lang='lat' dir='ltr'><strong>structos</strong></span> <span class='ocrx_word' id='word_1_112' title='bbox 635 1709 741 1789; x_wconf 80' lang='lat' dir='ltr'><strong>effugit</strong></span> <span class='ocrx_word' id='word_1_113' title='bbox 757 1712 865 1775; x_wconf 89' lang='lat' dir='ltr'><strong>umbra</strong></span> <span class='ocrx_word' id='word_1_114' title='bbox 880 1726 991 1788; x_wconf 73' lang='lat' dir='ltr'><strong>rogam</strong></span> 
     </span>
     <span class='ocr_line' id='line_1_19' title="bbox 243 1791 1073 1874; baseline 0.006 -21"><span class='ocrx_word' id='word_1_115' title='bbox 243 1791 355 1867; x_wconf 79' lang='lat' dir='ltr'><strong>Fama,</strong></span> <span class='ocrx_word' id='word_1_116' title='bbox 374 1796 564 1873; x_wconf 87' lang='lat' dir='ltr'><strong>parentales,</strong></span> <span class='ocrx_word' id='word_1_117' title='bbox 582 1796 681 1859; x_wconf 89' lang='lat' dir='ltr'><strong>sivos</strong></span> <span class='ocrx_word' id='word_1_118' title='bbox 699 1813 769 1859; x_wconf 90' lang='lat' dir='ltr'><strong>mea</strong></span> <span class='ocrx_word' id='word_1_119' title='bbox 785 1797 923 1874; x_wconf 80' lang='lat' dir='ltr'><strong>contigit,</strong></span> <span class='ocrx_word' id='word_1_120' title='bbox 942 1795 1073 1858; x_wconf 80' lang='lat' dir='ltr'><strong>umbrae</strong></span> 
     </span>
     <span class='ocr_line' id='line_1_20' title="bbox 285 1877 942 1961; baseline 0.006 -23"><span class='ocrx_word' id='word_1_121' title='bbox 285 1877 325 1940; x_wconf 84' lang='lat' dir='ltr'><strong>Et</strong></span> <span class='ocrx_word' id='word_1_122' title='bbox 340 1886 411 1940; x_wconf 85' lang='lat' dir='ltr'><strong>sunt</strong></span> <span class='ocrx_word' id='word_1_123' title='bbox 426 1880 457 1940; x_wconf 94' lang='lat' dir='ltr'><strong>in</strong></span> <span class='ocrx_word' id='word_1_124' title='bbox 472 1880 581 1961; x_wconf 82' lang='lat' dir='ltr'><strong>Stygio</strong></span> <span class='ocrx_word' id='word_1_125' title='bbox 600 1881 727 1943; x_wconf 89' lang='lat' dir='ltr'><strong>crimina</strong></span> <span class='ocrx_word' id='word_1_126' title='bbox 742 1889 848 1945; x_wconf 88' lang='lat' dir='ltr'><strong>nostra</strong></span> <span class='ocrx_word' id='word_1_127' title='bbox 865 1883 942 1958; x_wconf 87' lang='lat' dir='ltr'><strong>loro,</strong></span> 
     </span>
     <span class='ocr_line' id='line_1_21' title="bbox 246 1961 1170 2041; baseline 0.011 -17"><span class='ocrx_word' id='word_1_128' title='bbox 246 1961 346 2036; x_wconf 87' lang='lat' dir='ltr'><strong>Scite,</strong></span> <span class='ocrx_word' id='word_1_129' title='bbox 361 1979 486 2041; x_wconf 90' lang='lat' dir='ltr'><strong>precor,</strong></span> <span class='ocrx_word' id='word_1_130' title='bbox 502 1981 659 2029; x_wconf 86' lang='lat' dir='ltr'><strong>causam...</strong></span> <span class='ocrx_word' id='word_1_131' title='bbox 671 1982 729 2028; x_wconf 89' lang='lat' dir='ltr'><strong>nec</strong></span> <span class='ocrx_word' id='word_1_132' title='bbox 742 1984 800 2030; x_wconf 91' lang='lat' dir='ltr'><strong>vos</strong></span> <span class='ocrx_word' id='word_1_133' title='bbox 815 1967 888 2028; x_wconf 91' lang='lat' dir='ltr'><strong>mihi</strong></span> <span class='ocrx_word' id='word_1_134' title='bbox 902 1967 1009 2030; x_wconf 86' lang='lat' dir='ltr'><strong>tallere</strong></span> <span class='ocrx_word' id='word_1_135' title='bbox 1023 1969 1070 2032; x_wconf 88' lang='lat' dir='ltr'><strong>las</strong></span> <span class='ocrx_word' id='word_1_136' title='bbox 1091 1978 1170 2034; x_wconf 85' lang='lat' dir='ltr'><strong>est..</strong></span> 
     </span>
     <span class='ocr_line' id='line_1_22' title="bbox 196 2046 981 2130; baseline 0.003 -20"><span class='ocrx_word' id='word_1_137' title='bbox 196 2053 232 2110; x_wconf 83' lang='lat' dir='ltr'><strong>tto</strong></span> <span class='ocrx_word' id='word_1_138' title='bbox 284 2046 428 2108; x_wconf 81' lang='lat' dir='ltr'><strong>Emonam</strong></span> <span class='ocrx_word' id='word_1_139' title='bbox 445 2048 562 2126; x_wconf 91' lang='lat' dir='ltr'><strong>iussae,</strong></span> <span class='ocrx_word' id='word_1_140' title='bbox 579 2067 641 2113; x_wconf 91' lang='lat' dir='ltr'><strong>non</strong></span> <span class='ocrx_word' id='word_1_141' title='bbox 659 2053 778 2128; x_wconf 88' lang='lat' dir='ltr'><strong>scelus,</strong></span> <span class='ocrx_word' id='word_1_142' title='bbox 793 2068 866 2116; x_wconf 91' lang='lat' dir='ltr'><strong>esse</strong></span> <span class='ocrx_word' id='word_1_143' title='bbox 880 2054 981 2130; x_wconf 81' lang='lat' dir='ltr'><strong>rugae.</strong></span> 
     </span>
     <span class='ocr_line' id='line_1_23' title="bbox 246 2129 1132 2218; baseline 0.012 -29"><span class='ocrx_word' id='word_1_144' title='bbox 246 2129 388 2191; x_wconf 86' lang='lat' dir='ltr'><strong>Manibus</strong></span> <span class='ocrx_word' id='word_1_145' title='bbox 403 2129 464 2192; x_wconf 90' lang='lat' dir='ltr'><strong>hoc</strong></span> <span class='ocrx_word' id='word_1_146' title='bbox 480 2135 555 2195; x_wconf 90' lang='lat' dir='ltr'><strong>satis</strong></span> <span class='ocrx_word' id='word_1_147' title='bbox 569 2143 626 2197; x_wconf 91' lang='lat' dir='ltr'><strong>est.</strong></span> <span class='ocrx_word' id='word_1_148' title='bbox 664 2137 705 2200; x_wconf 90' lang='lat' dir='ltr'><strong>ad</strong></span> <span class='ocrx_word' id='word_1_149' title='bbox 721 2154 793 2216; x_wconf 88' lang='lat' dir='ltr'><strong>vos,</strong></span> <span class='ocrx_word' id='word_1_150' title='bbox 812 2138 967 2215; x_wconf 88' lang='lat' dir='ltr'><strong>studiosa,</strong></span> <span class='ocrx_word' id='word_1_151' title='bbox 986 2144 1132 2218; x_wconf 88' lang='lat' dir='ltr'><strong>revertor,</strong></span> 
     </span>
     <span class='ocr_line' id='line_1_24' title="bbox 286 2212 968 2298; baseline 0.015 -26"><span class='ocrx_word' id='word_1_152' title='bbox 286 2212 429 2293; x_wconf 90' lang='lat' dir='ltr'><strong>Pectora,</strong></span> <span class='ocrx_word' id='word_1_153' title='bbox 451 2217 504 2293; x_wconf 91' lang='lat' dir='ltr'><strong>qui</strong></span> <span class='ocrx_word' id='word_1_154' title='bbox 524 2219 604 2280; x_wconf 87' lang='lat' dir='ltr'><strong>vitae</strong></span> <span class='ocrx_word' id='word_1_155' title='bbox 620 2225 767 2298; x_wconf 88' lang='lat' dir='ltr'><strong>quaeritis</strong></span> <span class='ocrx_word' id='word_1_156' title='bbox 785 2230 854 2285; x_wconf 88' lang='lat' dir='ltr'><strong>acta</strong></span> <span class='ocrx_word' id='word_1_157' title='bbox 872 2238 968 2285; x_wconf 90' lang='lat' dir='ltr'><strong>meae.</strong></span> 
     </span>
     <span class='ocr_line' id='line_1_25' title="bbox 245 2296 955 2380; baseline 0.017 -24"><span class='ocrx_word' id='word_1_158' title='bbox 245 2296 310 2357; x_wconf 91' lang='lat' dir='ltr'><strong>lam</strong></span> <span class='ocrx_word' id='word_1_159' title='bbox 325 2296 397 2360; x_wconf 89' lang='lat' dir='ltr'><strong>mihi</strong></span> <span class='ocrx_word' id='word_1_160' title='bbox 412 2301 537 2364; x_wconf 84' lang='lat' dir='ltr'><strong>canities</strong></span> <span class='ocrx_word' id='word_1_161' title='bbox 554 2305 654 2380; x_wconf 91' lang='lat' dir='ltr'><strong>pulsis</strong></span> <span class='ocrx_word' id='word_1_162' title='bbox 669 2307 847 2370; x_wconf 90' lang='lat' dir='ltr'><strong>melioribus</strong></span> <span class='ocrx_word' id='word_1_163' title='bbox 867 2307 955 2369; x_wconf 87' lang='lat' dir='ltr'><strong>annis</strong></span> 
     </span>
     <span class='ocr_line' id='line_1_26' title="bbox 286 2381 979 2470; baseline 0.019 -29"><span class='ocrx_word' id='word_1_164' title='bbox 286 2381 437 2462; x_wconf 89' lang='lat' dir='ltr'><strong>Venerat,</strong></span> <span class='ocrx_word' id='word_1_165' title='bbox 455 2388 598 2464; x_wconf 90' lang='lat' dir='ltr'><strong>antiquas</strong></span> <span class='ocrx_word' id='word_1_166' title='bbox 617 2391 845 2468; x_wconf 85' lang='lat' dir='ltr'><strong>miscueratque</strong></span> <span class='ocrx_word' id='word_1_167' title='bbox 864 2408 979 2470; x_wconf 90' lang='lat' dir='ltr'><strong>comas,</strong></span> 
     </span>
     <span class='ocr_line' id='line_1_27' title="bbox 195 2463 949 2543; baseline 0.021 -21"><span class='ocrx_word' id='word_1_168' title='bbox 195 2465 230 2522; x_wconf 82' lang='lat'><strong>95</strong></span> <span class='ocrx_word' id='word_1_169' title='bbox 244 2463 380 2543; x_wconf 87' lang='lat' dir='ltr'><strong>Postque</strong></span> <span class='ocrx_word' id='word_1_170' title='bbox 396 2486 483 2534; x_wconf 89' lang='lat' dir='ltr'><strong>meos</strong></span> <span class='ocrx_word' id='word_1_171' title='bbox 501 2482 586 2536; x_wconf 88' lang='lat' dir='ltr'><strong>ortus</strong></span> <span class='ocrx_word' id='word_1_172' title='bbox 602 2474 714 2538; x_wconf 88' lang='lat' dir='ltr'><strong>Pisaea</strong></span> <span class='ocrx_word' id='word_1_173' title='bbox 727 2476 849 2540; x_wconf 89' lang='lat' dir='ltr'><strong>vinctus</strong></span> <span class='ocrx_word' id='word_1_174' title='bbox 867 2477 949 2538; x_wconf 90' lang='lat' dir='ltr'><strong>oliva</strong></span> 
     </span>
     <span class='ocr_line' id='line_1_28' title="bbox 282 2551 974 2638; baseline 0.016 -26"><span class='ocrx_word' id='word_1_175' title='bbox 282 2551 460 2619; x_wconf 84' lang='lat' dir='ltr'><strong>Abstulerat</strong></span> <span class='ocrx_word' id='word_1_176' title='bbox 478 2557 583 2620; x_wconf 90' lang='lat' dir='ltr'><strong>decies</strong></span> <span class='ocrx_word' id='word_1_177' title='bbox 597 2561 735 2636; x_wconf 90' lang='lat' dir='ltr'><strong>praemia</strong></span> <span class='ocrx_word' id='word_1_178' title='bbox 753 2560 854 2622; x_wconf 90' lang='lat' dir='ltr'><strong>victor</strong></span> <span class='ocrx_word' id='word_1_179' title='bbox 867 2577 974 2638; x_wconf 90' lang='lat' dir='ltr'><strong>equus,</strong></span> 
     </span>
     <span class='ocr_line' id='line_1_29' title="bbox 243 2633 999 2718; baseline 0.013 -23"><span class='ocrx_word' id='word_1_180' title='bbox 243 2633 317 2697; x_wconf 81' lang='lat' dir='ltr'><strong>Cum</strong></span> <span class='ocrx_word' id='word_1_181' title='bbox 334 2639 426 2700; x_wconf 88' lang='lat' dir='ltr'><strong>maris</strong></span> <span class='ocrx_word' id='word_1_182' title='bbox 440 2639 551 2701; x_wconf 83' lang='lat' dir='ltr'><strong>Euxini</strong></span> <span class='ocrx_word' id='word_1_183' title='bbox 568 2645 690 2718; x_wconf 92' lang='lat' dir='ltr'><strong>positos</strong></span> <span class='ocrx_word' id='word_1_184' title='bbox 708 2644 749 2706; x_wconf 91' lang='lat' dir='ltr'><strong>ad</strong></span> <span class='ocrx_word' id='word_1_185' title='bbox 762 2647 853 2706; x_wconf 88' lang='lat' dir='ltr'><strong>laeva</strong></span> <span class='ocrx_word' id='word_1_186' title='bbox 866 2645 999 2708; x_wconf 81' lang='lat' dir='ltr'><strong>Tomitas</strong></span> 
     </span>
     <span class='ocr_line' id='line_1_30' title="bbox 283 2718 919 2805; baseline 0.016 -27"><span class='ocrx_word' id='word_1_187' title='bbox 283 2718 434 2793; x_wconf 80' lang='lat' dir='ltr'><strong>Quaerere</strong></span> <span class='ocrx_word' id='word_1_188' title='bbox 448 2739 498 2782; x_wconf 93' lang='lat' dir='ltr'><strong>me</strong></span> <span class='ocrx_word' id='word_1_189' title='bbox 513 2725 591 2786; x_wconf 91' lang='lat' dir='ltr'><strong>laesi</strong></span> <span class='ocrx_word' id='word_1_190' title='bbox 603 2727 752 2805; x_wconf 88' lang='lat' dir='ltr'><strong>principis</strong></span> <span class='ocrx_word' id='word_1_191' title='bbox 768 2729 814 2790; x_wconf 89' lang='lat' dir='ltr'><strong>ira</strong></span> <span class='ocrx_word' id='word_1_192' title='bbox 827 2729 919 2791; x_wconf 87' lang='lat' dir='ltr'><strong>lubet.</strong></span> 
     </span>
     <span class='ocr_line' id='line_1_31' title="bbox 242 2801 1072 2891; baseline 0.017 -30"><span class='ocrx_word' id='word_1_193' title='bbox 242 2801 342 2863; x_wconf 89' lang='lat' dir='ltr'><strong>causa</strong></span> <span class='ocrx_word' id='word_1_194' title='bbox 357 2819 445 2865; x_wconf 86' lang='lat' dir='ltr'><strong>meae</strong></span> <span class='ocrx_word' id='word_1_195' title='bbox 460 2808 576 2870; x_wconf 89' lang='lat' dir='ltr'><strong>cunctis</strong></span> <span class='ocrx_word' id='word_1_196' title='bbox 591 2809 716 2874; x_wconf 90' lang='lat' dir='ltr'><strong>nimium</strong></span> <span class='ocrx_word' id='word_1_197' title='bbox 733 2829 859 2891; x_wconf 90' lang='lat' dir='ltr'><strong>quoque</strong></span> <span class='ocrx_word' id='word_1_198' title='bbox 876 2819 949 2876; x_wconf 88' lang='lat' dir='ltr'><strong>nota</strong></span> <span class='ocrx_word' id='word_1_199' title='bbox 964 2812 1072 2876; x_wconf 87' lang='lat' dir='ltr'><strong>ruinae</strong></span> 
     </span>
     <span class='ocr_line' id='line_1_32' title="bbox 177 2885 839 2959; baseline 0.017 -14"><span class='ocrx_word' id='word_1_200' title='bbox 177 2891 230 2948; x_wconf 86' lang='lat'><strong>100</strong></span> <span class='ocrx_word' id='word_1_201' title='bbox 280 2885 397 2949; x_wconf 89' lang='lat' dir='ltr'><strong>Indicio</strong></span> <span class='ocrx_word' id='word_1_202' title='bbox 412 2905 474 2951; x_wconf 90' lang='lat' dir='ltr'><strong>non</strong></span> <span class='ocrx_word' id='word_1_203' title='bbox 489 2900 537 2954; x_wconf 92' lang='lat' dir='ltr'><strong>est</strong></span> <span class='ocrx_word' id='word_1_204' title='bbox 549 2895 743 2959; x_wconf 87' lang='lat' dir='ltr'><strong>testificanda</strong></span> <span class='ocrx_word' id='word_1_205' title='bbox 759 2914 839 2959; x_wconf 91' lang='lat' dir='ltr'><strong>meo.</strong></span> 
     </span>
     <span class='ocr_line' id='line_1_33' title="bbox 242 2967 1170 3058; baseline 0.015 -28"><span class='ocrx_word' id='word_1_206' title='bbox 242 2967 320 3044; x_wconf 85' lang='lat' dir='ltr'><strong>Quid</strong></span> <span class='ocrx_word' id='word_1_207' title='bbox 330 2972 462 3035; x_wconf 81' lang='lat' dir='ltr'><strong>referam</strong></span> <span class='ocrx_word' id='word_1_208' title='bbox 475 2977 678 3057; x_wconf 88' lang='lat' dir='ltr'><strong>comitumque</strong></span> <span class='ocrx_word' id='word_1_209' title='bbox 693 2982 782 3043; x_wconf 82' lang='lat' dir='ltr'><strong>nefas</strong></span> <span class='ocrx_word' id='word_1_210' title='bbox 798 2982 991 3058; x_wconf 83' lang='lat' dir='ltr'><strong>famulosque</strong></span> <span class='ocrx_word' id='word_1_211' title='bbox 1001 2987 1170 3044; x_wconf 74' lang='lat' dir='ltr'><strong>nocentes!</strong></span> 
     </span>
     <span class='ocr_line' id='line_1_34' title="bbox 281 3053 837 3142; baseline 0.027 -29"><span class='ocrx_word' id='word_1_212' title='bbox 281 3053 356 3131; x_wconf 86' lang='lat' dir='ltr'><strong>Ipsa</strong></span> <span class='ocrx_word' id='word_1_213' title='bbox 369 3059 462 3120; x_wconf 89' lang='lat' dir='ltr'><strong>multa</strong></span> <span class='ocrx_word' id='word_1_214' title='bbox 476 3060 530 3122; x_wconf 94' lang='lat' dir='ltr'><strong>tuli</strong></span> <span class='ocrx_word' id='word_1_215' title='bbox 544 3077 605 3124; x_wconf 92' lang='lat' dir='ltr'><strong>non</strong></span> <span class='ocrx_word' id='word_1_216' title='bbox 621 3065 739 3126; x_wconf 90' lang='lat' dir='ltr'><strong>leviora</strong></span> <span class='ocrx_word' id='word_1_217' title='bbox 754 3067 837 3142; x_wconf 79' lang='lat' dir='ltr'><strong>luga.</strong></span> 
     </span>
     <span class='ocr_line' id='line_1_35' title="bbox 239 3135 1011 3225; baseline 0.018 -30"><span class='ocrx_word' id='word_1_218' title='bbox 239 3135 399 3214; x_wconf 81' lang='lat' dir='ltr'><strong>indignato</strong></span> <span class='ocrx_word' id='word_1_219' title='bbox 412 3143 501 3205; x_wconf 90' lang='lat' dir='ltr'><strong>malis</strong></span> <span class='ocrx_word' id='word_1_220' title='bbox 519 3161 605 3208; x_wconf 87' lang='lat' dir='ltr'><strong>mens</strong></span> <span class='ocrx_word' id='word_1_221' title='bbox 622 3155 672 3210; x_wconf 90' lang='lat' dir='ltr'><strong>est</strong></span> <span class='ocrx_word' id='word_1_222' title='bbox 685 3150 900 3225; x_wconf 89' lang='lat' dir='ltr'><strong>succumbere,</strong></span> <span class='ocrx_word' id='word_1_223' title='bbox 916 3165 1011 3225; x_wconf 89' lang='lat' dir='ltr'><strong>seque</strong></span> 
     </span>
     <span class='ocr_line' id='line_1_36' title="bbox 280 3219 887 3297; baseline 0.016 -15"><span class='ocrx_word' id='word_1_224' title='bbox 280 3219 433 3287; x_wconf 87' lang='lat' dir='ltr'><strong>Praestitit</strong></span> <span class='ocrx_word' id='word_1_225' title='bbox 445 3228 590 3291; x_wconf 86' lang='lat' dir='ltr'><strong>invictam</strong></span> <span class='ocrx_word' id='word_1_226' title='bbox 604 3232 720 3295; x_wconf 89' lang='lat' dir='ltr'><strong>viribus</strong></span> <span class='ocrx_word' id='word_1_227' title='bbox 734 3251 793 3296; x_wconf 88' lang='lat' dir='ltr'><strong>usa</strong></span> <span class='ocrx_word' id='word_1_228' title='bbox 810 3235 887 3297; x_wconf 89' lang='lat' dir='ltr'><strong>suis.</strong></span> 
     </span>
    </p>
   </div>
   <div class='ocr_carea' id='block_1_3' title="bbox 175 3301 1095 3564">
    <p class='ocr_par' dir='ltr' id='par_1_3' title="bbox 175 3301 1095 3564">
     <span class='ocr_line' id='line_1_37' title="bbox 175 3301 935 3394; baseline 0.021 -30"><span class='ocrx_word' id='word_1_229' title='bbox 175 3309 226 3366; x_wconf 75' lang='lat'><strong>10⁶</strong></span> <span class='ocrx_word' id='word_1_230' title='bbox 240 3301 420 3384; x_wconf 82' lang='lat' dir='ltr'><strong>oblitusque</strong></span> <span class='ocrx_word' id='word_1_231' title='bbox 433 3313 493 3372; x_wconf 93' lang='lat' dir='ltr'><strong>mei</strong></span> <span class='ocrx_word' id='word_1_232' title='bbox 508 3314 682 3394; x_wconf 85' lang='lat' dir='ltr'><strong>ductaeque</strong></span> <span class='ocrx_word' id='word_1_233' title='bbox 695 3333 752 3394; x_wconf 90' lang='lat' dir='ltr'><strong>per</strong></span> <span class='ocrx_word' id='word_1_234' title='bbox 766 3318 829 3380; x_wconf 89' lang='lat' dir='ltr'><strong>otia</strong></span> <span class='ocrx_word' id='word_1_235' title='bbox 843 3318 935 3393; x_wconf 89' lang='lat' dir='ltr'><strong>vitae,</strong></span> 
     </span>
     <span class='ocr_line' id='line_1_38' title="bbox 279 3389 875 3475; baseline 0.022 -26"><span class='ocrx_word' id='word_1_236' title='bbox 279 3389 405 3455; x_wconf 84' lang='lat' dir='ltr'><strong>insolita</strong></span> <span class='ocrx_word' id='word_1_237' title='bbox 423 3396 491 3472; x_wconf 87' lang='lat' dir='ltr'><strong>cepi</strong></span> <span class='ocrx_word' id='word_1_238' title='bbox 505 3400 654 3475; x_wconf 83' lang='lat' dir='ltr'><strong>temporis</strong></span> <span class='ocrx_word' id='word_1_239' title='bbox 671 3417 758 3475; x_wconf 84' lang='lat' dir='ltr'><strong>arma</strong></span> <span class='ocrx_word' id='word_1_240' title='bbox 772 3420 875 3465; x_wconf 93' lang='lat' dir='ltr'><strong>manu.</strong></span> 
     </span>
     <span class='ocr_line' id='line_1_39' title="bbox 236 3471 1095 3564; baseline 0.017 -30"><span class='ocrx_word' id='word_1_241' title='bbox 236 3471 354 3552; x_wconf 85' lang='lat' dir='ltr'><strong>Totque</strong></span> <span class='ocrx_word' id='word_1_242' title='bbox 368 3478 422 3540; x_wconf 92' lang='lat' dir='ltr'><strong>tuli</strong></span> <span class='ocrx_word' id='word_1_243' title='bbox 441 3495 533 3544; x_wconf 87' lang='lat' dir='ltr'><strong>casus</strong></span> <span class='ocrx_word' id='word_1_244' title='bbox 554 3484 729 3562; x_wconf 82' lang='lat' dir='ltr'><strong>pelagoque</strong></span> <span class='ocrx_word' id='word_1_245' title='bbox 744 3493 902 3564; x_wconf 86' lang='lat' dir='ltr'><strong>terraque,</strong></span> <span class='ocrx_word' id='word_1_246' title='bbox 919 3491 994 3563; x_wconf 93' lang='lat' dir='ltr'><strong>quot</strong></span> <span class='ocrx_word' id='word_1_247' title='bbox 1009 3482 1095 3548; x_wconf 85' lang='lat' dir='ltr'><strong>mter</strong></span> 
     </span>
    </p>
   </div>
   <div class='ocr_carea' id='block_1_4' title="bbox 0 0 1202 3940">
    <p class='ocr_par' dir='ltr' id='par_1_4' title="bbox 0 0 1202 3940">
     <span class='ocr_line' id='line_1_40' title="bbox 0 0 1202 3940; baseline 0 2"><span class='ocrx_word' id='word_1_248' title='bbox 0 0 1202 3940; x_wconf 95' lang='lat' dir='ltr'><strong> </strong></span> 
     </span>
    </p>
   </div>
  </div>
 </body>
</html>
