2372 3928
188 223 249 286 202
568 217 825 280 FASTORUM

271 374 393 435 Scilicet
407 389 492 434 arana
505 371 602 447 magis
619 388 710 448 quarn
724 371 836 444 sidera,
856 373 997 448 Romule,
1020 388 1107 446 noras,

195 504 203 512 .
225 469 259 522 ao
312 457 450 532 Curaque
464 455 608 517 finitimos
624 456 747 515 vincere
762 457 859 516 maior
872 463 946 515 erat.

268 543 323 602 Est
337 550 437 601 tamen
452 548 482 600 et
495 540 581 616 ratio,
606 540 727 613 Caesar,
750 555 829 613 quae
844 540 973 600 moverit
987 539 1077 600 illrun:
1164 599 1165 622 ἶ

308 625 510 700 Erroremque
526 641 614 684 suurn
630 639 691 700 quo
706 630 833 694 tueatur,
857 621 956 684 habet.

270 709 357 784 Quod
373 709 446 768 satis
462 717 517 781 cst,
538 717 624 769 utero
640 707 744 767 matris
760 707 831 766 dum
848 707 977 782 prodeat
991 707 1089 776 inians,

309 794 375 852 Hoc
391 808 470 852 anno
487 792 590 853 statuit
604 792 751 866 temporis
766 806 837 850 esso
852 791 938 851 satis.

224 884 258 939 35
269 876 326 936 Per
340 876 464 937 totidem
479 891 601 937 menses
617 892 636 935 a
650 876 755 934 lunare
770 874 909 949 coniugis
924 890 1003 935 uxor

311 959 447 1021 Sustinet
459 959 489 1019 in
506 961 599 1020 vidua
613 959 711 1019 tristia
726 959 814 1034 signa
828 959 931 1020 domo.

270 1045 353 1104 llaec
368 1043 457 1119 igitur
472 1044 545 1104 vidit
559 1043 684 1104 trabeati
701 1059 775 1103 cura
790 1042 904 1117 Quirini

313 1129 386 1187 Cum
399 1127 528 1188 rudibus
542 1128 666 1204 populis
681 1143 783 1187 annua
800 1127 866 1187 iura
881 1126 976 1186 daret.

270 1211 375 1271 Martis
392 1219 457 1270 erat
472 1211 586 1286 primus
601 1210 725 1282 mensis,
747 1210 940 1286 Venerisque
954 1209 1108 1272 secundus·

224 1306 259 1358 lo
308 1295 393 1354 'Haec
408 1295 529 1370 generis
544 1295 697 1370 princeps,
718 1295 817 1370 ipsius
832 1295 883 1354 ille
899 1302 998 1372 pater:

269 1379 387 1439 Tertius
403 1395 422 1438 a
435 1378 569 1452 senibus
593 1379 736 1440 iuvenum
751 1380 791 1438 de
806 1379 928 1440 nomine
944 1386 1069 1453 quartus

269 1511 274 1521 .
312 1462 396 1538 Quae
410 1463 555 1538 sequitur,
578 1479 702 1524 nurnero
718 1462 806 1523 turba
820 1471 924 1523 notata
939 1463 1000 1522 luit.

270 1550 311 1607 At
323 1547 421 1608 Numa
435 1562 492 1606 noc
505 1548 610 1607 lanarn
626 1563 683 1607 neo
697 1547 794 1607 avitas
811 1547 953 1622 praeterit
967 1547 1086 1615 umbras,

311 1630 469 1692 iliensibus
484 1632 617 1707 antiquis
632 1632 871 1707 praeposuitque
885 1631 982 1692 duos·

224 1723 259 1776 45
269 1715 313 1774 Ne
328 1725 428 1774 tamen
443 1715 566 1790 ignores
583 1715 734 1776 variorum
749 1715 816 1776 iura
830 1717 955 1788 dierunt,

312 1799 380 1860 Non
395 1798 487 1859 habet
502 1800 595 1860 oflicii
612 1799 718 1859 lucifer
734 1801 832 1860 omnis
853 1799 943 1858 idern.

271 1884 324 1944 ille
341 1884 478 1966 nefastus
493 1884 563 1956 erit,
585 1900 640 1959 per
658 1899 749 1959 quern
764 1883 821 1943 tria
842 1882 935 1942 verba
951 1881 1077 1943 silentur.

312 1968 422 2028 Fastus
439 1968 509 2039 erit,
527 1985 582 2043 per
597 1983 688 2042 quern
708 1968 776 2042 lege
790 1967 892 2027 licebit
907 1967 966 2042 agi.

271 2051 332 2111 Nec
347 2060 410 2112 toto
426 2059 564 2126 perstare
579 2052 629 2111 dic
643 2067 700 2112 sua
714 2052 781 2111 iura
795 2051 926 2125 putaris:

228 2144 263 2196 5ο
317 2135 372 2208 Qui
386 2135 447 2194 iarn
462 2135 560 2195 fastus
576 2135 645 2209 erit,
665 2151 754 2194 mane
771 2137 909 2198 nefastus
925 2145 997 2194 erat.

272 2219 346 2278 Nam
364 2219 452 2278 simul
468 2225 538 2278 exta
555 2219 614 2278 deo
631 2219 702 2280 data
716 2227 801 2293 sunt,
819 2219 889 2280 licet
903 2219 1004 2280 omnia
1017 2215 1074 2287 leri,

312 2303 478 2377 Verbaque
493 2304 661 2363 honoratas
676 2303 772 2362 libera
787 2313 909 2378 praetor
924 2302 1021 2364 habet.

272 2387 326 2446 list
345 2403 483 2463 quoque,
500 2404 561 2464 quo
577 2388 724 2462 populum
739 2388 787 2448 ius
803 2397 850 2448 est
869 2388 1024 2448 includere
1037 2379 1134 2457 saeptis

312 2471 368 2531 Est
384 2487 522 2546 quoque,
539 2471 591 2548 qui
606 2487 687 2532 nono
703 2487 826 2546 semper
844 2471 882 2532 ab
898 2471 973 2532 orbe
987 2469 1067 2530 redit.

227 2564 262 2615 55
273 2556 417 2616 Vindicat
429 2555 586 2616 Ausonias
606 2555 729 2617 lunonis
746 2571 820 2615 cura
833 2555 998 2616 Kalendas.

314 2638 417 2700 ldibus
432 2638 503 2699 alba
516 2639 582 2699 lovi
596 2639 741 2712 grandior
755 2656 836 2714 agna
850 2639 941 2700 cadit.

270 2723 426 2783 Nonarum
440 2723 533 2781 tutela
548 2722 608 2782 deo
624 2731 715 2783 caret.
744 2721 892 2784 Omnibus
908 2723 1007 2783 istis...

313 2806 477 2864 Nolallare
492 2821 598 2866 cave...
612 2807 771 2882 proximus
786 2815 852 2867 ater
865 2807 930 2868 erit.

272 2888 366 2950 Ornen
382 2885 420 2948 ab
437 2899 547 2950 eventu
562 2899 619 2951 est.
649 2891 708 2951 illis
724 2908 794 2951 narn
807 2893 906 2953 Rorna
921 2890 1027 2952 diebus

227 2980 262 3034 60
315 2975 433 3034 Damna
447 2974 505 3036 sub
520 2991 631 3035 averso
647 2975 744 3035 tristia
754 2976 851 3036 Marte
865 2975 940 3037 tulit.

270 3059 354 3118 Haec
369 3057 440 3118 mihi
457 3058 537 3120 dicta
552 3061 661 3133 semel,
678 3058 748 3119 totis
764 3060 922 3120 haerentia
936 3057 1031 3130 lastis

312 3141 356 3202 Ne
370 3143 481 3203 seriem
494 3160 594 3204 rerum
612 3143 753 3204 scindere
770 3159 876 3218 cogar,
894 3151 992 3204 crunt.

542 3277 569 3338 1.
597 3277 855 3339 n·1l·lntl·r·

270 3396 351 3456 Ecce
364 3396 417 3457 tibi
437 3398 583 3470 inustum,
602 3399 793 3473 Germanice,
810 3396 926 3458 nuntiat
940 3409 1049 3456 annum

313 3485 409 3557 inque
423 3497 491 3541 meo
507 3483 623 3558 prirnus
638 3481 771 3541 oannine
789 3481 880 3541 lanus
895 3479 993 3540 adest.
