2394 3940
183 250 247 314 130
582 240 643 304 EX
668 238 816 302 ΡΟΝΤΟ

267 402 309 464 nt
322 398 385 472 tibi,
405 412 461 456 rex
476 409 563 469 aevo,
585 395 683 469 detur,
705 394 872 455 fortissime
885 400 1001 468 nosue,

310 482 440 558 Semper
454 480 605 540 honorata
619 484 743 554 sceptra
756 484 860 540 tenere
874 494 975 540 manu.

269 571 389 644 Teque,
421 565 506 642 quod
527 569 557 623 et
581 569 770 638 praestat...
799 562 873 639 quid
900 563 980 623 enim
1009 564 1065 626 tibi
1091 563 1189 642 plenius

311 650 502 712 Martiarum
512 661 623 724 magno
636 647 1007 724 Caesarellonraprohett
1038 649 1191 728 [apiemt...

228 749 264 804 nt
276 737 340 799 Sed
353 747 471 796 mernor
484 733 569 795 uude
583 729 654 807 abi,
677 746 798 806 queror,
821 731 988 794 niocnude
1002 734 1129 809 sodalis,
1190 765 1191 768 =

313 819 473 882 Accedant
486 815 600 879 uostris
615 830 712 878 saeva
726 816 811 891 quad
826 832 910 877 arna
923 817 1022 879 malis.

271 906 312 967 Ut
326 919 417 966 careo
431 903 531 975 vobis,
555 899 679 980 Stygias
694 900 837 961 detrusus
851 899 883 960 in
898 909 979 975 oras,

314 989 460 1064 Quattuor
474 994 636 1048 autumnos
649 984 749 1045 Pleias
765 991 832 1045 orta
846 985 927 1046 lacit.

273 1074 335 1134 Nec
349 1079 382 1134 iu
396 1070 563 1132 credideris
577 1069 714 1130 urbanoe
728 1070 890 1131 commoda
903 1070 983 1130 vitae

230 1167 268 1223 ³0
318 1157 470 1231 Quaerere
483 1156 647 1216 Nasonem.
681 1153 800 1230 quaerit
813 1161 844 1214 et
857 1154 909 1214 illa
923 1161 1033 1215 tamen

274 1242 350 1302 Nam
365 1240 458 1300 modo
473 1253 530 1299 vos
546 1239 648 1300 anima
662 1239 770 1302 dulces
783 1238 964 1300 reminiscor
977 1237 1080 1312 amici,

315 1325 401 1383 Nunc
414 1322 488 1383 mihi
502 1338 572 1384 cum
587 1337 659 1383 cara
674 1323 804 1399 coniunge
818 1329 890 1384 neta
904 1321 1000 1384 subiti

275 1407 366 1484 Aque
381 1407 473 1468 domo
488 1423 595 1468 rursus
610 1407 756 1483 pulchrae
771 1408 840 1468 loca
858 1414 960 1468 vertor
974 1407 1016 1467 ad
1030 1403 1131 1480 Urbis

318 1491 494 1568 cunctaque
509 1492 709 1556 mensuralis
725 1491 866 1567 pervidet
877 1507 936 1552 usa
950 1491 1025 1552 suis.

233 1583 269 1638 35
279 1576 366 1638 Nunc
381 1576 456 1652 iore,
478 1591 560 1637 nunc
575 1575 679 1651 aedes,
702 1591 784 1636 nunc
797 1590 948 1637 marmore
962 1581 1043 1636 teeta
1058 1573 1178 1648 theate,

317 1661 404 1721 Nunc
418 1660 500 1722 subit
513 1666 646 1736 aequata
659 1660 794 1736 porticus
810 1659 1027 1740 omnis'humo.

278 1745 421 1805 Gramina
435 1761 516 1806 nune
532 1744 637 1820 Campi
653 1743 798 1820 pulchros
813 1745 980 1820 spectantis
996 1745 1028 1804 ia
1042 1743 1158 1819 hortos,
1195 1741 1196 1824 i

318 1827 493 1904 stagnaque
508 1835 539 1890 et
551 1828 659 1904 euripi,
680 1827 905 1904 Virgineusque
918 1827 1028 1905 liquor.
1054 1827 1056 1832 “
1195 1841 1196 1850 ’

277 1917 326 1986 At,
349 1920 431 1988 puto,
455 1913 501 1973 sic
513 1913 605 1973 Urbis
620 1911 734 1973 misera
749 1920 797 1974 est
811 1919 916 1988 erepta
930 1913 1088 1990 voluptas,

226 2004 263 2058 tt)
319 1996 459 2072 Quolibet
473 2004 507 2058 ut
520 1996 628 2058 saltem
641 2011 712 2058 rure
726 1996 785 2058 frui
800 1997 909 2058 liceati

277 2082 344 2141 Non
359 2095 446 2141 meus
462 2081 595 2140 amissos
610 2081 729 2142 animus
744 2081 901 2142 desiderat
915 2095 1016 2156 agros,

319 2163 465 2240 Ruraque
479 2164 604 2240 peligno
620 2165 842 2241 conspicienda
856 2165 934 2240 sola,

277 2248 340 2308 Nec
358 2263 438 2323 quos
453 2247 591 2324 piniferis
605 2249 726 2324 positos
741 2250 772 2309 in
788 2250 916 2311 collibus
930 2248 1038 2311 harma

321 2331 446 2409 Spectat
459 2331 624 2394 Flaminiae
640 2333 747 2395 Clodia
761 2334 863 2396 iuncta
876 2332 954 2394 viae.

225 2427 263 2482 45
281 2416 364 2492 Quos
380 2432 437 2493 ego
453 2417 558 2481 nescio
574 2417 623 2480 cui
638 2417 728 2492 collui,
753 2418 864 2494 quibus
879 2419 948 2493 ipse
960 2418 1104 2479 solebam

320 2502 371 2563 Ad
385 2509 453 2564 sata
467 2503 618 2579 fontanas,
636 2518 695 2563 nec
710 2503 813 2578 pudet,
836 2503 950 2564 addere
963 2518 1081 2578 aquus:

279 2586 355 2648 Sunt
369 2586 430 2661 ubi,
453 2587 479 2646 si
494 2587 609 2663 vivunt
633 2593 739 2650 nostra
753 2603 877 2664 quicque
892 2587 1012 2648 consita
1027 2587 1193 2663 quaedam,

320 2669 383 2731 Sed
398 2686 459 2733 non
473 2677 504 2731 et
517 2677 622 2731 nostra
637 2688 731 2747 poma
744 2672 875 2748 legenda
890 2687 991 2733 manu,

278 2753 337 2813 Pro
353 2752 463 2828 quibus
478 2754 601 2814 amissis
616 2756 731 2816 utinam
746 2757 922 2832 contingere
936 2756 1040 2832 possit

235 2845 271 2900 50
322 2836 378 2897 Hic
395 2837 502 2898 saltem
518 2839 649 2916 profugo
664 2840 755 2915 gleba
769 2841 900 2903 colenda
913 2840 1000 2902 mihi!

277 2921 350 2998 lpse
365 2937 422 2998 ego
437 2923 609 3000 pendentis,
629 2924 719 2985 liceat
734 2926 837 3000 modo,
859 2940 937 3000 rupe
952 2925 1102 3001 capellas,

319 3007 391 3083 lpse
407 3008 496 3068 velim
510 3007 621 3070 bacuio
636 3025 766 3085 pascere
779 3009 870 3069 nixas
886 3023 972 3070 oves.

278 3090 351 3166 lpse
364 3106 432 3166 ego,
452 3108 491 3152 ne
507 3093 606 3154 solitis
621 3094 764 3155 insistant
778 3093 1010 3170 perscrutaris,

322 3174 437 3236 Ducam
450 3177 599 3238 ruricolas
616 3177 673 3239 sub
689 3179 761 3254 iuga
775 3195 870 3240 curva
883 3176 992 3237 boves.

234 3266 271 3320 55
282 3257 322 3319 Et
336 3258 453 3320 discam
468 3259 563 3321 Getici
579 3278 659 3336 quac
674 3269 785 3324 norunt
798 3262 895 3322 verba
909 3261 1040 3336 iuvenci,

319 3343 475 3404 Adsuetas
490 3345 550 3405 illis
565 3345 759 3423 adiciamque
771 3346 881 3407 minas.

276 3426 350 3504 lpse
367 3443 459 3488 mauu
473 3429 614 3503 capulum
629 3431 730 3506 pressi
746 3431 923 3491 moderatus
938 3428 1030 3489 aratri

319 3509 470 3588 Experiar
483 3519 567 3575 mota
581 3530 728 3591 spargere
743 3529 850 3575 semen
864 3513 967 3573 hunno.
