2450 3932
421 247 458 325 11,
480 247 658 312 alo-415.

150 398 268 470 Narrat,
291 400 323 458 in
339 399 474 462 obsceno
492 417 622 478 corpora
636 419 749 478 prensa
762 411 853 465 toro?

119 482 213 556 Unde,
234 483 297 542 nisi
312 483 427 546 indicio
443 487 543 560 magni
559 487 708 547 sciremus
724 487 858 562 Homeri,

65 575 111 629 000
156 567 298 642 Hospitis
313 567 385 642 igne
400 571 477 630 duas
492 570 657 630 incaluisse
672 572 770 630 deest

120 649 209 711 Omne
220 665 322 726 genus
337 653 441 730 scripti
456 653 603 728 gravitate
618 655 776 729 tragoedia
790 655 897 715 vincit:

157 734 241 794 llaec
257 751 385 810 quoque
399 737 555 797 materiam
570 752 693 813 semper
707 737 820 798 amoris
834 737 935 798 habet.

118 817 1051 899 NamquidinHippolytoest,nisicaecaellummanotercaet

156 902 273 962 Nobilis
290 909 339 963 est
353 903 471 964 Canace
486 905 587 964 iratris
603 920 706 966 amore
720 905 779 966 sui.

65 993 109 1048 085
121 985 216 1062 Quidt
237 1001 300 1046 non
315 987 504 1061 Tantalides,
527 989 659 1064 agitante
674 988 822 1065 Cupidine
837 1003 953 1063 currus,

151 1069 291 1130 Pisaeam
306 1070 447 1148 Phrygiis
462 1072 546 1131 uexit
560 1073 694 1133 eburnus
709 1073 820 1148 equist

119 1153 279 1228 Tingueret
292 1161 325 1214 ut
340 1156 449 1215 lerrum
464 1163 603 1216 natorum
617 1157 766 1232 sanguine
780 1162 884 1232 mater,

158 1237 302 1299 Concitus
318 1240 435 1300 010000
451 1241 522 1300 lecit
536 1255 640 1300 amore
654 1241 753 1302 dolor.

117 1321 200 1382 Fecit
212 1337 300 1382 amor
314 1322 430 1384 subitas
446 1326 588 1385 volueres
607 1339 674 1385 cum
690 1325 787 1401 pelice
800 1340 904 1400 regem

64 1409 110 1467 olo
160 1405 306 1482 Quaeque
320 1423 409 1467 suum
423 1409 508 1484 luget
520 1425 602 1468 nunc
618 1424 741 1484 quoque
755 1416 852 1468 mater
867 1409 945 1488 ltyn.

120 1488 227 1550 Sinon
243 1493 387 1567 Adropcn
404 1493 498 1552 lrater
512 1494 679 1553 sceleratus
695 1499 838 1565 amasset,

156 1573 296 1634 Aversos
310 1574 392 1636 Solis
407 1592 469 1640 non
484 1577 655 1652 legeremus
671 1591 781 1653 equos.

115 1658 211 1734 Impia
225 1673 283 1718 nec
296 1659 430 1735 tragicos
444 1661 594 1736 tetigisset
608 1660 713 1736 Scylla
728 1659 904 1731 cothurnos,

153 1741 191 1800 lli
205 1743 335 1816 patrium
350 1743 463 1804 crinem
478 1745 671 1806 desecuisset
684 1759 778 1803 amor.

66 1831 110 1886 000
121 1823 175 1899 oui
190 1825 267 1901 legis
281 1827 422 1887 Electran
438 1835 469 1889 et
483 1837 622 1905 egentem
636 1828 746 1888 mentis
762 1825 898 1897 Oresten,

158 1908 298 1985 Aegisthi
313 1912 426 1972 crimen
439 1912 697 1991 Tyndaridosque
712 1910 799 1986 legis.

119 1993 195 2054 Nam
213 1994 285 2068 quid
302 1994 342 2054 de
355 1997 462 2056 tetrico
478 1995 774 2056 releramdomitore
789 1991 973 2064 chimaerae,

157 2077 250 2151 Quem
266 2078 327 2140 leto
343 2080 436 2140 fallax
450 2080 572 2156 hospita
587 2095 687 2155 paene
701 2079 807 2139 deditt

122 2161 198 2234 Quid
213 2162 324 2238 loquar
337 2161 531 2239 Hermionen,
554 2164 627 2240 quid
643 2170 682 2238 te,
705 2160 878 2224 Schoeneia
891 2160 988 2236 virgo,

65 2249 110 2305 too
157 2245 270 2322 Teque,
292 2245 462 2323 Mycenaeo
477 2248 618 2309 Phoebas
633 2255 733 2308 amata
748 2246 841 2307 ducit

121 2328 196 2401 Quid
211 2329 336 2390 Danaen
351 2331 537 2407 Danaesque
551 2339 658 2392 nurum
673 2339 861 2429 matremque
875 2326 971 2406 Lyaei

16 2485 17 2490 ἵ
144 2413 377 2490 Haemonaque
391 2423 421 2476 et
435 2424 551 2492 noctes
574 2431 654 2492 quae
669 2430 780 2489 coiere
803 2415 901 2474 duest
1004 2445 1013 2467 .

118 2495 194 2568 Quid
209 2512 355 2572 generum
367 2499 478 2574 Peliae,
503 2501 577 2576 quid
592 2499 726 2574 Thesea,
751 2496 866 2573 quidve
880 2479 1050 2572 Pelasgam,

158 2581 282 2642 iliacam
297 2583 394 2658 tetigit
408 2585 459 2659 qui
474 2591 539 2645 rate
553 2583 670 2660 primus
685 2583 833 2642 humum?

65 2669 107 2723 000
118 2663 184 2725 Ηο0
199 2665 263 2725 1010
276 2665 446 2744 Pyrrhique
463 2685 583 2746 parens,
606 2669 666 2728 huc
680 2664 820 2726 Herculis
835 2681 923 2741 uxor,

154 2749 223 2809 Huc
237 2751 365 2810 accedat
377 2751 474 2829 Hylas
488 2754 662 2828 Iliadesque
677 2766 763 2826 puer.

16 2827 18 2910 ζ
116 2831 267 2908 Tempore
282 2834 417 2910 deliciar,
436 2837 571 2912 tragicos
586 2837 613 2896 si
627 2850 799 2911 persequar
812 2833 909 2909 ignes,

16 2917 18 2932 '
150 2917 274 2992 Vixque
291 2933 379 2980 meus
395 2921 497 2996 capiat
510 2921 634 2980 nomina
648 2920 731 2979 nuda
746 2917 830 2977 liber.

113 2999 169 3061 Est
182 3007 214 3060 et
227 3002 258 3060 in
274 3001 428 3064 obscenos
445 3003 567 3065 deilexa
582 3002 741 3078 tragoedia
755 3001 845 3074 risus

65 3087 107 3143 lto
156 3084 313 3161 Multaque
328 3089 480 3161 praeteriti
496 3089 590 3149 verba
604 3087 731 3163 pudoris
746 3084 847 3144 hab'et.

16 3201 17 3210 ,
115 3167 178 3228 Nec
193 3176 284 3229 nocet
298 3172 424 3243 auctori,
447 3173 568 3233 mollem
585 3171 635 3246 qui
652 3170 723 3230 lecit
735 3169 896 3243 Achillem,

16 3397 17 3404 ,
112 3335 215 3396 lunxit
227 3337 390 3412 Aristides
413 3339 532 3400 Milesia
547 3338 680 3410 crimina,
701 3352 819 3410 sexum,

153 3419 262 3482 Pulsus
275 3423 430 3483 Aristides
445 3439 502 3484 nec
515 3430 615 3483 tamen
629 3421 705 3482 urbe
719 3436 785 3480 sua

63 3503 180 3565 l15Nee
196 3507 249 3584 qui
264 3505 430 3621 descripsit
444 3507 597 3584 eorrumpi
613 3503 730 3568 semina
746 3507 883 3575 manum,

16 3211 18 3366 ἒ
155 3252 324 3330 infregisse
340 3255 405 3315 suis
421 3257 509 3316 lortia
524 3257 603 3314 lacta
617 3255 727 3315 modis.

16 3447 18 3482 Ι

16 3523 18 3558 Ι

16 3567 18 3604 Ι

16 3765 18 3824 l
