2492 3926
427 213 470 288 V,
492 209 670 275 ato-399.
988 211 1054 274 303

163 366 290 433 Lumina
309 373 381 427 sunt
393 371 517 427 nostros
532 365 601 426 visa
619 364 729 425 decere
744 363 825 424 dies:

64 451 186 516 3601101
202 450 273 528 quia
292 465 349 510 nec
364 448 424 511 ilos
443 455 492 510 est
507 447 610 508 hebeti
623 463 680 509 nec
695 446 818 508 damma
834 449 946 523 colore,

163 536 266 610 Atque
284 534 392 596 oculos
407 535 437 594 in
455 549 490 594 se
509 533 656 607 splendor
670 537 798 608 uterque
812 532 916 592 trahit:

122 620 180 679 Vel
196 619 267 696 quia
283 618 400 679 deliciis
415 625 565 678 nocturna
579 616 700 677 licentia
713 616 826 678 nostris

166 700 323 764 Convenit.
353 715 460 764 avere
481 701 569 760 tertia
584 716 679 761 causa
693 700 798 760 venit?

123 785 299 847 ε1101101000
314 793 486 863 praeterea,
502 785 541 846 de
557 800 617 860 quo
638 783 710 844 mihi
726 799 873 859 quaerere
887 788 991 861 restat,

62 879 112 938 370
167 868 200 932 Si
218 871 318 932 liceal’
337 869 409 931 dixi.
439 868 515 930 dixit
529 877 558 930 et
574 869 624 927 illa
641 867 762 929 ‘Licett’

125 956 196 1017 ‘Cur
208 954 261 1015 tibi
278 970 334 1030 pro
348 953 474 1032 Libycis
490 952 670 1014 clauduntur
687 959 752 1014 rete
771 951 887 1012 leaenis

163 1038 306 1098 imbelles
322 1052 453 1114 capreae
468 1036 679 1111 sollicitusque
696 1036 818 1113 lepust’

123 1123 189 1183 Non
204 1121 278 1196 sibi,
296 1121 471 1198 respondit,
487 1121 582 1182 silvas
597 1121 748 1194 cessisse,
765 1121 823 1182 sed
836 1119 952 1194 hortos,

163 1206 310 1280 Arvaque
328 1205 461 1281 pugnaci
480 1221 541 1267 non
558 1204 700 1265 adeunda
719 1203 812 1265 ierac.
846 1215 849 1221 ·

65 1298 112 1354 370
127 1288 236 1350 Omnia
248 1288 377 1352 finierat.
406 1296 515 1351 tenues
530 1287 661 1350 secessit
674 1288 705 1348 in
723 1304 824 1350 auras.

164 1371 276 1434 Mansit
290 1371 377 1434 odor.
407 1387 520 1448 posses
536 1372 616 1433 scire
630 1372 727 1434 luisse
743 1373 841 1433 deam.

124 1456 246 1518 Floreat
258 1461 292 1518 ut
305 1463 368 1519 toto
381 1471 503 1517 cannen
517 1456 649 1516 Nasonis
670 1456 701 1516 in
715 1472 803 1531 aevo,

168 1539 301 1618 Sparge,
318 1556 442 1616 precor,
459 1539 548 1602 donis
564 1545 690 1617 pectora
704 1547 810 1601 nostra
824 1541 893 1602 tuis.

359 1674 388 1736 3.
417 1674 481 1754 [GC
500 1676 734 1752 nvn-tmere]

127 1793 219 1854 Nocte
233 1790 334 1852 minus
350 1797 458 1866 quarta
476 1798 595 1868 promet
609 1807 667 1852 sua
681 1791 784 1851 sidera
799 1788 909 1850 Chiron

66 1885 116 1940 380
170 1875 302 1937 Semivir
316 1881 346 1934 et
359 1872 433 1935 ilani
448 1890 577 1952 corpore
592 1876 703 1936 mixtus
720 1873 801 1951 equi.

126 1960 228 2024 Pelion
242 1959 429 2020 Haemoniae
442 1975 531 2021 mons
546 1965 594 2020 est
608 1960 758 2021 obversus
774 1957 805 2017 in
819 1963 955 2020 austros=

167 2043 293 2106 Summa
305 2043 405 2104 virent
418 2044 506 2119 pinu,
522 2049 624 2105 cetera
641 2058 773 2118 quercus
789 2041 889 2104 habet.

126 2127 309 2206 Phillyrides
324 2127 427 2187 tenuit.
457 2143 535 2188 saxo
550 2133 632 2189 stant
646 2132 731 2188 antra
747 2131 878 2201 vetusto,

170 2211 253 2286 Quae
268 2211 379 2273 iustum
398 2219 565 2272 memorant
579 2212 747 2274 incoluisse
761 2226 876 2271 senem.

68 2305 115 2359 383
130 2298 183 2357 1110
196 2311 304 2356 manus
321 2296 392 2357 olim
406 2296 554 2357 missuras
568 2295 702 2357 Hectora
715 2297 776 2355 leto

170 2379 308 2440 creditor
321 2378 351 2438 in
366 2379 471 2459 lyricis
488 2379 657 2441 detinuisse
675 2378 787 2440 modis.

127 2464 262 2523 Venerat
275 2461 402 2525 Alcides
418 2463 568 2525 exhausta
581 2469 668 2540 parte
682 2461 829 2534 laborum,

170 2547 321 2622 lassaque
339 2546 495 2608 restabant
510 2548 614 2609 ultima
630 2562 728 2622 paene
744 2546 820 2607 viro.

129 2630 216 2694 Stare
231 2631 321 2691 simul
336 2645 411 2691 casu
424 2631 533 2692 Troiae
548 2633 609 2693 duo
625 2632 685 2692 iata
699 2631 839 2691 videres:

67 2722 117 2776 300
172 2713 250 2775 ilinc
265 2729 342 2791 puer
354 2715 523 2789 Aeacides,
543 2716 614 2776 hinc
627 2717 701 2778 love
715 2720 804 2776 natus
825 2720 898 2775 erat.
973 2712 976 2722 '

126 2799 250 2873 Excipit
264 2798 398 2875 hospitio
415 2800 555 2861 iuvenem
569 2800 740 2878 Philyreius
754 2799 856 2873 heros,

170 2881 208 2943 lit
224 2897 350 2944 causam
368 2883 518 2945 adventus
533 2883 583 2944 hic
597 2890 698 2960 rogat,
719 2885 769 2944 illc
784 2881 884 2944 docet.

128 2965 279 3041 Perspioit
293 2967 409 3029 interea
422 2969 540 3028 clavam
554 2967 748 3046 spoliumque
762 2967 870 3042 leonis,

173 3051 314 3127 ‘Vir'que
328 3051 369 3111 ait
383 3049 444 3111 ‘his
458 3052 566 3128 armis,
582 3067 727 3129 armaque
742 3051 834 3126 digna
848 3051 914 3113 viro
923 3056 944 3111 t’

67 3140 117 3196 305
132 3135 196 3194 1100
211 3149 261 3208 00,
282 3135 355 3210 quin
370 3135 499 3196 horrens
515 3136 662 3197 auderent
678 3144 803 3212 tangere
817 3137 912 3198 saetis

172 3219 297 3296 Veline,
316 3219 474 3280 Achilleae
489 3221 665 3282 continuere
680 3235 798 3282 manus.

130 3301 272 3377 Dumque
288 3317 384 3364 senex
398 3309 507 3365 tractat
521 3305 692 3380 squalentia
706 3305 766 3366 tela
781 3304 918 3380 veneria,

172 3385 294 3447 Excidit
310 3395 340 3448 et
356 3388 445 3449 laevo
463 3389 526 3450 lixa
540 3390 649 3465 sagitta
664 3389 744 3466 pede
759 3393 815 3449 001.

129 3469 278 3613 Ingerlrlruit
293 3471 419 3548 Chiron,
440 3473 591 3549 traxitque
606 3490 623 3534 e
638 3489 768 3551 corpore
782 3473 909 3533 ierrumt

88 3567 171 3613 ovrn.
236 3597 244 3613 .
818 3564 852 3618 ‘lo
