2394 3940
226 231 287 297 lla
624 231 683 290 EX
702 229 851 292 ΡΟΝΤΟ
926 173 929 178 Ι

348 386 387 446 lit
401 385 485 460 quod
500 386 582 445 iners
596 384 687 443 hiemi
708 381 898 443 continuatur
916 382 1025 444 hiems.

304 469 425 529 Hieme
444 476 630 543 pugnantem
646 481 714 528 cum
731 467 845 541 frigore
860 481 992 542 cumque
1008 466 1120 543 sagittis

348 553 484 627 Cumque
500 568 569 611 meo
591 554 653 612 lato
675 557 781 626 quarta
800 549 906 624 latigat
922 550 1031 611 hiems.

304 633 378 695 Fine
395 642 499 696 carent
514 635 672 707 lacrimae,
693 634 753 692 nisi
768 648 836 692 oum
853 640 963 708 stupor
977 634 1092 696 obstitit
1103 635 1162 694 illisr

256 730 291 782 30
347 719 383 778 Et
399 719 507 778 similis
521 719 610 779 morti
626 725 751 793 pectora
764 723 870 791 torpor
886 717 989 777 habat.

305 801 439 862 Felicem
452 801 586 875 Nioben,
603 803 744 877 quamvis
763 808 807 861 tot
824 801 932 860 lanera
945 803 1032 874 vidit,

350 886 434 960 Quae
450 886 556 962 posuit
574 903 715 959 sensum,
731 900 827 944 saxea
841 884 935 959 lacta,
956 886 1044 946 mali!

305 971 373 1030 Vos
390 985 514 1044 quoque
529 971 650 1041 felices,
670 985 797 1044 quarum
812 969 975 1028 elanrantia
990 970 1108 1030 fratrem

349 1053 467 1113 cortice
485 1055 597 1114 velavit
613 1055 745 1130 populus
760 1069 816 1113 ora
830 1068 922 1113 novo.

254 1147 288 1200 35
303 1137 357 1196 llle
373 1153 431 1210 ego
453 1154 535 1210 surn,
557 1139 670 1213 lignum
686 1138 737 1212 qui
756 1153 819 1198 non
836 1136 977 1196 admittar
996 1136 1027 1196 in
1045 1136 1142 1196 ullum:

346 1220 402 1280 llle
418 1235 476 1295 ego
492 1237 576 1295 sum,
597 1223 709 1282 lrustra
723 1221 774 1294 qui
792 1220 871 1294 lapis
887 1235 960 1279 esse
972 1221 1075 1280 velim.

304 1304 378 1377 Ipsa
391 1303 523 1365 Medusa
540 1307 638 1366 oeulis
657 1304 759 1364 veniat
774 1303 844 1363 licet
859 1303 952 1363 obvia
970 1303 1095 1375 nostris

348 1387 473 1446 Amiltet
486 1388 569 1448 vires
587 1389 656 1462 ipsa
672 1389 801 1447 Medusa
817 1404 902 1448 suas.

305 1471 462 1545 Vivimus,
479 1478 513 1531 ut
531 1489 695 1546 numquam
711 1488 806 1531 sensu
821 1486 979 1530 careamus
993 1485 1106 1544 amaro,

254 1563 288 1617 40
342 1554 380 1612 Et
394 1556 519 1628 gravior
532 1557 624 1630 longa
640 1557 674 1614 lit
693 1571 761 1614 mea
774 1571 876 1629 poena
894 1570 990 1616 mora.

306 1636 357 1698 Sic
372 1638 617 1713 inconsumptum
631 1638 712 1715 Tityi
731 1654 915 1713 semperque
934 1653 1100 1698 renascens

346 1721 412 1780 Non
433 1724 524 1797 perit,
540 1731 574 1782 ut
592 1723 691 1797 possit
705 1737 800 1795 saepe
814 1722 932 1795 perire,
948 1721 1045 1782 ieeur.

302 1806 344 1865 At
358 1812 446 1879 puto,
463 1823 531 1866 cum
546 1807 669 1883 requies
685 1804 897 1878 medicinaque
914 1803 1043 1879 publiea·
1054 1819 1135 1864 curae
1182 1833 1183 1854 r

348 1888 482 1949 Somnus
496 1890 600 1964 adest,
616 1889 714 1950 solitis
733 1904 795 1949 nox
811 1887 893 1948 venit
907 1887 982 1947 orba
997 1889 1094 1950 malis.

255 1980 288 2032 45
304 1972 430 2032 Somnia
444 1989 493 2033 me
507 1980 620 2034 terrent
635 1989 725 2033 veros
743 1972 888 2032 imitantia
908 1987 1011 2045 casus,

345 2055 383 2113 Et
396 2055 522 2129 vigilant
537 2073 647 2116 sensus
662 2058 692 2116 in
709 2073 777 2116 mea
791 2056 902 2116 damna
919 2057 987 2116 mei.

302 2140 366 2196 Aut
380 2151 438 2210 ego
455 2137 639 2199 Sarmaticas
654 2141 763 2200 videor
776 2141 872 2200 vitare
891 2140 1030 2214 sagittas,

345 2223 407 2280 Aut
425 2221 501 2280 dare·
514 2223 652 2295 captivas
668 2225 707 2282 ad
723 2226 788 2282 iera
805 2223 906 2284 vincla
920 2240 1041 2283 manus.

303 2304 363 2363 Aut
376 2304 427 2364 ubi
445 2305 583 2380 decipior
598 2306 731 2366 melioris
748 2309 877 2381 imagine
891 2307 1002 2379 somni,

254 2395 289 2446 50
344 2387 473 2461 aspicio
490 2389 605 2463 patriae
622 2396 703 2450 tecta
716 2391 820 2449 relicta
840 2405 936 2448 meae.

301 2469 339 2528 Et
352 2472 446 2552 modo
461 2473 639 2545 vobiscum,
657 2489 735 2549 quos
755 2489 822 2533 sum
839 2479 1020 2545 veneratus,
1037 2472 1128 2544 amici,
1179 2511 1180 2534 r

342 2554 380 2614 Et
398 2557 491 2617 modo
513 2574 581 2617 cum
601 2574 673 2617 cara
692 2556 821 2631 coniuge
838 2558 930 2616 multa
945 2557 1068 2629 loquor.

302 2636 353 2697 Sic
371 2638 423 2697 ubi
439 2648 584 2713 percepta
603 2649 651 2701 est
666 2640 769 2700 brevis
784 2647 815 2700 et
827 2655 889 2701 non
904 2655 978 2700 vera
992 2641 1139 2715 voluptas,

341 2719 431 2778 Peior
443 2721 482 2780 ab
497 2722 655 2784 admonitu
674 2725 707 2783 fn
723 2732 819 2784 status
835 2725 892 2784 iste
908 2722 991 2784 boni.

252 2809 285 2862 55
301 2800 374 2861 Sive
389 2802 456 2865 dies
476 2803 566 2878 igilur
580 2815 672 2880 caput
692 2813 750 2868 hoo
765 2809 939 2868 miserabile
954 2808 1061 2883 cernit,
1178 2761 1179 2846 1

343 2884 416 2945 Sive
431 2889 569 2961 pruinosi
587 2890 692 2950 Noctis
709 2900 840 2967 aguntur
859 2893 939 2966 equi,
1177 2963 1178 2970 ἵ

300 2965 350 3026 Sic
369 2985 437 3028 mea
458 2974 611 3048 perpetuis
627 2975 784 3049 liquefiunt
800 2983 923 3050 pectora
936 2975 1027 3048 curis,

344 3052 469 3124 Ignibus
485 3057 616 3117 admotis
637 3066 669 3118 ut
684 3075 765 3119 nova
780 3075 851 3118 cera
870 3061 957 3120 solet.

301 3131 401 3208 Saepe
416 3153 527 3212 precor
541 3149 678 3214 mortem,
695 3150 823 3202 mortem
838 3158 963 3217 quoque
975 3141 1126 3216 deprecor
1136 3135 1177 3198 idel

247 3225 282 3278 60
338 3216 464 3279 Nemea
480 3221 680 3283 Sarmaticum
699 3233 840 3302 contegat
858 3243 933 3286 ossa
947 3227 1059 3286 solum.

299 3298 371 3360 Cum
385 3303 480 3376 subit,
500 3307 630 3379 Augusti
652 3325 731 3383 quae
747 3311 787 3370 sit
800 3309 974 3383 clementia,
990 3308 1087 3368 credo

340 3383 443 3444 Mollia
456 3389 625 3463 naufragiis
641 3391 730 3452 litora
744 3409 840 3468 posse
856 3393 931 3452 dari.

210 3529 215 3538 ,
298 3466 371 3527 Cam
385 3467 494 3544 video,
512 3487 603 3546 quam
619 3475 679 3534 sint
692 3491 761 3537 mea
776 3478 839 3536 lata
851 3476 985 3551 tenacia,
1000 3476 1142 3552 frangor.-
1175 3429 1176 3512 ¹
