2372 3928
189 185 248 250 168
584 185 642 244 EX
662 183 810 246 PONTO

314 337 455 398 pondero
471 338 646 413 disparibus
662 352 723 397 non
738 345 867 413 potuere
880 341 967 402 rotis

273 423 338 497 Quo
355 421 434 498 pede
450 437 531 482 nunc
546 428 621 494 utar,
645 421 737 480 dubia
752 430 800 483 cst
814 425 964 485 sententia
978 425 1072 486 nobisa

313 508 400 567 Alter
414 505 494 565 onim
510 505 548 565 de
564 513 602 580 te,
624 505 739 577 Rhene,
762 507 932 584 triumphus
947 510 1039 570 adest

273 590 365 652 Inrita
379 596 606 650 motorurnnon
622 596 693 649 suut
711 593 1001 666 praesagiavatun:

233 684 268 738 90
318 673 427 735 Danda
441 674 507 733 Iovi
521 675 634 745 laurus
658 674 730 734 dum
746 675 830 749 prior
844 677 896 737 itta
909 677 993 736 viret.

273 759 335 819 Nec
351 773 419 818 mea
433 756 529 816 verba
542 757 629 832 tegis,
652 757 704 831 qui
720 775 788 818 sum
803 768 973 822 summotus
987 761 1024 820 ad
1037 761 1142 830 tttstuuu
1163 749 1164 856 1

315 843 381 902 Νοιι
396 841 475 901 bene
492 841 608 916 pacatis
624 838 749 902 ssurnina
765 851 837 918 pota
852 845 951 905 Getis

274 928 336 988 Ista
351 927 401 986 dei
416 941 478 985 vox
492 933 548 986 cst
579 926 657 986 deus
672 925 740 985 est
733 942 761 984 tn
780 934 905 1002 pectore
919 934 1029 989 nostro.

315 1012 399 1071 Haec
414 1011 493 1072 duce
508 1009 653 1085 praedico
670 1009 880 1088 vaticinorque
897 1013 965 1074 deo.

231 1105 265 1159 95
277 1096 356 1170 Quid
371 1111 477 1156 cessas
493 1109 613 1154 currum
627 1108 834 1171 pompamque
847 1112 958 1172 parare
972 1095 1113 1171 triumphis,

316 1180 424 1238 Liria?
443 1177 503 1238 iarn
517 1178 618 1238 nullas
634 1178 708 1238 dant
721 1178 774 1239 tibi
789 1180 870 1241 betta
883 1197 996 1242 moras.

275 1263 396 1324 Perfida
410 1262 571 1322 damnatas
587 1261 748 1323 Germania
763 1263 872 1338 proicit
886 1265 1002 1326 hastas.

315 1348 378 1406 lam
394 1345 516 1421 pondus
532 1345 617 1406 dices
634 1359 724 1405 omen
739 1346 852 1408 habere
867 1365 977 1410 meum.

277 1431 383 1506 Crede,
407 1429 555 1504 brevique
571 1429 649 1490 fides
666 1431 772 1491 aderit.
801 1433 968 1506 geminabit
982 1433 1116 1493 honoren-

214 1527 265 1580 too
314 1514 419 1590 Filius,
440 1522 470 1574 et
486 1513 596 1574 iunctis
611 1520 644 1574 ut
658 1514 743 1588 prius
759 1514 812 1575 ibit
826 1518 927 1591 aquis.

275 1601 393 1674 Promo,
416 1598 499 1674 quod
514 1597 620 1656 inicias
636 1597 770 1658 humeris
787 1599 965 1677 victoribus,
985 1608 1097 1663 ostrum:

317 1685 391 1758 Ipsa
405 1689 507 1760 potest
521 1682 641 1741 solitum
657 1697 752 1742 nosse
768 1698 884 1745 corona
899 1692 1005 1763 caput=

277 1769 385 1842 Scuta,
407 1768 464 1828 scd
479 1773 509 1827 et
522 1767 629 1840 galeae
644 1766 771 1841 gemmis
788 1769 946 1831 radientur
959 1777 988 1832 ct
1002 1786 1089 1840 auro„
1165 1803 1166 1812 ι

318 1851 466 1927 Stentquc
484 1865 578 1925 super
591 1850 689 1911 victos
707 1857 813 1912 trunca
826 1863 956 1931 tropaea
968 1855 1060 1914 viros:

215 1946 263 1999 105
277 1936 398 2012 Oppida
413 1935 526 1997 turritis
542 1935 700 2010 cingantur
714 1935 849 1998 eburnea
863 1940 967 2012 muris,

317 2021 466 2097 Fictaque
480 2034 531 2079 res
547 2033 621 2078 vero
636 2034 721 2079 more
736 2026 855 2096 putetur
870 2024 931 2098 agi.

279 2103 445 2178 Squalidus
461 2102 606 2164 inmissos
621 2103 717 2163 tracta
732 2103 789 2165 sub
803 2107 954 2167 arundine
968 2106 1060 2166 crines

318 2187 444 2248 Rhenus
459 2193 490 2247 ct
502 2186 631 2246 intectas
648 2187 795 2262 sanguine
813 2197 913 2265 portet
929 2205 1033 2266 aquas.

276 2271 412 2331 Barbara
423 2271 482 2330 iam
498 2271 579 2346 capti
596 2279 727 2346 poscunt
740 2272 872 2348 insignia
886 2291 987 2352 reges

215 2367 266 2420 110
317 2355 474 2432 Textaquc
488 2355 608 2416 fortuna
624 2354 764 2417 divitiora
779 2373 851 2417 suar

276 2441 313 2501 Et
328 2456 408 2515 quae
422 2445 581 2516 practerea
596 2439 690 2500 virtus
706 2440 818 2501 invicta
832 2450 952 2504 tuorum

322 2525 422 2602 Saepe
437 2530 544 2600 parata
558 2523 620 2596 tibi,
641 2539 735 2600 saepe
752 2528 888 2599 paranda
899 2528 980 2590 tacit.

276 2610 321 2680 Di,
347 2626 476 2684 quorum
491 2609 606 2668 monitu
620 2623 726 2668 sumus
742 2616 888 2672 eventura
900 2614 1003 2682 locuti,

317 2691 429 2766 Verba,
452 2705 570 2767 precor,
593 2691 683 2750 celeri
699 2699 804 2753 nostra
818 2695 945 2768 probate
959 2699 1033 2759 fide!

598 2837 802 2849 -—--—-.-

223 2876 263 2969 5.
318 2910 504 2972 uaxruo
529 2910 712 2974 corrue,

280 2993 384 3099 Quam
398 3026 484 3103 tegis,
508 3030 590 3089 unde
605 3030 658 3090 tibi
675 3033 806 3093 mittatur
820 3032 959 3109 epistota,
984 3031 1115 3109 quaerisr

317 3112 403 3187 Hinc,
425 3112 478 3172 ubi
493 3114 641 3175 caeruleis
657 3115 789 3190 iungitur
801 3117 1018 3192 Histruaquis.

276 3198 315 3260 Ut
328 3197 414 3270 regio
430 3197 510 3258 dicto
525 3204 582 3270 est,
605 3215 783 3262 succurrere
797 3201 889 3262 debet
904 3209 933 3262 et
946 3210 1060 3274 auctor,

317 3281 434 3342 Laesus
450 3281 489 3342 ab
505 3281 627 3356 ingenio
641 3283 723 3344 Naso
740 3290 831 3359 pocta
845 3302 913 3346 suo.

246 3374 262 3426 ὁ
278 3365 334 3439 Qui
347 3363 410 3440 tibi,
434 3381 525 3441 quom
540 3366 642 3426 maliet
659 3383 806 3443 praesens
822 3367 933 3429 afferre
948 3369 1081 3430 satutem.

318 3448 404 3510 Mittit
419 3447 458 3510 ab
473 3447 607 3520 hirsutis,
629 3450 761 3513 Maxime
776 3453 870 3523 cotta,
895 3453 989 3514 Getis.
