2492 3926
420 243 471 318 Ν,
494 240 671 306 lle-let.
992 241 1053 304 273

164 397 201 458 tlt
216 395 320 456 vitium
335 395 408 456 nudi
423 395 563 471 corporis
579 411 670 456 omne
687 395 777 455 videt.

125 483 161 542 tlt
175 485 258 556 teget
272 478 346 552 hoc,
361 480 501 555 celetque
517 479 617 552 viros,
633 479 766 539 Fortuna
781 477 887 538 Virilis

74 577 114 628 tto
162 565 313 634 Praestat,
329 569 359 622 et
373 561 432 622 lroc
448 577 544 638 parvo
560 570 625 622 ture
639 569 746 639 rogata
765 562 844 621 iacit.

125 650 184 708 Nec
200 647 302 722 pigeat
316 647 416 706 tritum
430 646 520 705 niveo
537 661 605 706 cum
619 647 697 708 lacte
712 660 849 722 papaver

164 731 292 791 Sumere
307 736 337 788 et
350 729 508 805 expressis
523 729 614 790 mella
629 730 743 806 liquata
757 729 846 790 lavis.
918 766 921 771 -

126 817 196 876 cum
213 815 342 890 primurn
356 813 468 888 cupido
486 814 593 873 Venus
608 820 640 873 et
655 813 788 874 deducta
802 809 918 872 marito.

165 899 231 958 Hoc
246 897 328 956 bibit.
357 913 397 956 ex
413 898 463 957 illo
479 904 618 971 tempore
634 903 729 973 nupta
743 897 807 956 luit

75 1001 113 1052 155
127 979 322 1057 Supplicibus
338 979 441 1040 verbis
456 981 537 1040 illam
553 981 682 1057 placate.
711 979 768 1040 sub
783 981 835 1039 illa

164 1065 202 1125 Et
216 1065 313 1124 tonna
327 1070 357 1124 et
371 1078 473 1124 mores
488 1071 518 1123 et
531 1063 613 1124 bona
628 1064 707 1123 lama
721 1071 830 1124 manet.

90 1206 95 1211 .
124 1151 219 1208 Roma
233 1147 378 1223 pudicitia
393 1162 578 1223 proavorum
592 1155 730 1223 tempore
748 1149 836 1223 lapsa
851 1152 912 1205 est:

161 1232 341 1310 Cymaeam,
357 1236 492 1305 veteres,
509 1231 707 1292 consuluistis
721 1247 822 1292 anum.

123 1316 246 1390 Templa
260 1314 341 1375 iubet
355 1315 420 1374 fleri
434 1314 557 1374 Veneri.
587 1315 698 1391 quibus
716 1315 824 1375 ordine
838 1314 925 1374 iactis

77 1412 115 1466 tto
163 1400 237 1459 lnde
252 1399 359 1459 Venus
373 1413 465 1458 verso
481 1399 606 1459 nomina
619 1399 715 1459 corde
730 1404 821 1459 tenet.

126 1483 253 1558 Semper
266 1483 305 1542 ad
319 1484 483 1544 Aeneadas
501 1483 639 1558 placido,
655 1482 873 1558 pulcherrima,
890 1483 973 1540 voltu

157 1567 307 1641 Respice,
323 1573 428 1641 totque
443 1573 526 1639 tuas,
544 1567 629 1640 diva,
644 1573 730 1626 tuere
744 1581 851 1624 nurus.

125 1652 198 1712 Dum
213 1652 337 1724 loquor,
353 1651 451 1710 elatae
466 1650 647 1710 metuendus
665 1650 805 1710 acumine
818 1648 936 1709 caudae

163 1735 311 1808 Scorpios
332 1733 362 1792 in
378 1733 485 1793 viridis
501 1734 719 1809 praecipitatur
733 1748 840 1807 aquas.

472 1865 616 1945 soff]

77 1997 114 2050 lto
126 1986 190 2046 llox
202 1984 256 2045 ubi
271 1983 438 2058 transierit,
454 1985 634 2059 caelumque
648 1983 811 2045 rubescere
827 1982 925 2060 primo

162 2068 317 2144 coeperit,
333 2075 364 2127 et
377 2074 476 2128 metae
489 2083 559 2128 rore
575 2074 739 2143 querentur
754 2084 838 2143 aves,

125 2152 366 2227 semiustamque
380 2152 477 2211 lacem
492 2152 616 2226 vigilata
631 2160 722 2213 nocte
735 2153 835 2213 vietor

162 2237 270 2310 Ponet,
288 2244 319 2295 et
333 2235 374 2294 ad
393 2236 517 2296 solitum
534 2235 667 2296 rusticus
683 2235 737 2295 ibit
751 2252 847 2310 opus=

125 2320 260 2380 Pleiades
275 2319 422 2394 incipient
435 2319 578 2379 humeros
592 2321 731 2380 relevere
746 2327 901 2395 paternos,

76 2406 115 2462 llo
165 2404 247 2477 Quae
262 2411 380 2478 septem
395 2402 470 2476 dici,
486 2419 543 2463 sex
557 2411 658 2463 tamen
676 2418 748 2462 esse
762 2404 878 2462 salente

126 2486 183 2546 Seu
199 2487 283 2562 quod
298 2486 327 2546 in
348 2489 524 2561 amplexum
539 2502 597 2547 sex
612 2487 683 2547 irinc
697 2502 811 2545 venere
826 2486 961 2559 deorum,

162 2569 236 2630 Nam
251 2570 400 2644 Steropen
414 2569 502 2632 Marti
518 2569 724 2632 concubuisse
740 2570 846 2640 lerunt,

125 2653 261 2729 Neptuno
277 2653 438 2732 Alcyonen
457 2663 487 2715 et
500 2663 545 2730 te,
566 2655 703 2715 lormosa
720 2654 867 2714 oetaeum

163 2738 264 2798 Maian
279 2745 309 2798 et
321 2737 460 2798 Electran
475 2740 693 2815 Taygetenque
710 2738 790 2798 lovi:

75 2821 114 2876 llo
127 2819 260 2896 Septima
274 2819 534 2897 mortali'tlerope
547 2821 614 2895 tibi,
631 2821 782 2900 Sisyphe,
798 2820 915 2895 nupsit:

163 2905 312 2977 Paenitet,
329 2912 360 2965 et
374 2905 445 2964 lacti
460 2909 529 2966 sola
543 2907 663 2982 pudore
678 2906 779 2965 latet...

125 2986 195 3048 Sive
209 2989 293 3064 quod
306 2989 426 3049 Electra
439 2990 548 3050 Troiae
563 2997 704 3065 spectare
719 2988 823 3048 ruinas

163 3072 230 3132 Non
244 3073 325 3146 tulit,
345 3081 416 3132 ante
430 3075 539 3134 oeulos
555 3073 764 3150 opposuitque
779 3086 911 3132 manum.

241 3207 273 3272 3.
294 3208 349 3269 EC
392 3207 422 3274 t.
443 3208 842 3269 FCuvo1·unrn·uno
918 3206 927 3219 ”

123 3323 179 3382 Ter
192 3323 259 3384 sine
274 3332 424 3400 perpetuo
440 3327 558 3386 caelum
574 3333 712 3386 versetur
727 3324 756 3382 in
772 3338 840 3396 axe,

75 3409 113 3464 lto
164 3405 222 3466 Ter
235 3408 340 3483 iungat
352 3408 436 3469 Titan
453 3417 560 3482 terque
575 3409 709 3468 resolvat
726 3423 836 3482 equoS,

123 3489 262 3632 Protliflus
280 3493 394 3553 inilexo
409 3491 592 3568 Berecyntia
606 3491 679 3551 tibia
694 3507 790 3552 cornu
807 3551 811 3558 ,

89 3585 161 3632 ovto.
226 3619 233 3632 .
817 3581 850 3634 18
