2450 3932
571 236 799 300 altisaltlltt

310 396 406 470 Quem
420 408 490 455 mea
504 390 641 466 calliope
654 389 793 463 laeserit,
810 404 892 449 unus
909 404 978 466 ego.

268 480 335 542 Non
350 479 442 555 igitur
455 475 572 538 nostris
587 474 682 535 ullum
696 473 833 549 gaudere
848 471 993 548 Quiritem

202 569 256 628 570
310 565 470 639 Auguror,
487 568 518 622 at
533 558 647 620 multos
662 556 834 618 indoluisse
852 557 958 629 malim

268 649 331 708 Nee
350 647 423 708 mihi
446 643 593 705 credibile
609 648 673 716 est,
697 656 882 716 quemquam
896 639 1066 706 insultasse
1081 644 1206 720 iacenti,

310 731 414 792 Gratia
428 728 554 790 candori
568 727 596 789 si
616 740 678 802 qua
692 725 789 786 relatu
802 739 872 785 meo
889 733 946 786 est

267 815 340 890 llis,
359 829 486 890 preeor,
501 820 594 887 atque
608 810 677 871 aliis
692 808 815 885 possint
827 815 880 870 tua
895 811 1019 873 numina
1034 811 1132 889 lleoti,

311 897 335 959 Ο
349 906 452 975 pater,
473 914 492 957 o
507 895 626 972 patriae
641 910 715 955 eura
730 894 879 968 salusque
893 901 980 955 tuae:

201 992 254 1048 575
268 985 336 1044 Non
350 990 385 1043 ut
397 983 427 1042 in
443 980 616 1042 Ausoniam
630 978 771 1050 redeam,
786 976 847 1036 nisi
863 978 991 1040 lorsitan
1007 980 1089 1056 olim,

308 1068 381 1128 curn
397 1069 491 1140 longo
507 1079 628 1141 poenae
642 1070 780 1138 tempore
794 1061 895 1123 victus
911 1063 984 1124 eris.

265 1152 369 1212 Tutius
384 1149 508 1211 exilium
525 1150 683 1225 pauloque
698 1145 831 1222 quietius
846 1161 912 1220 oro,

307 1235 349 1297 Ut
363 1251 421 1310 par
438 1234 549 1295 delicto
566 1233 605 1293 sit
618 1246 688 1292 mea
702 1246 805 1306 poena
818 1245 887 1291 suo.

595 1393 792 1402 ——n-n

476 1503 625 1586 ttulit
668 1499 904 1586 ruallus·

206 1623 247 1722 ¹·
268 1622 405 1721 ‘Missus
420 1660 450 1719 in
466 1659 547 1720 hano
564 1659 658 1720 venio
673 1659 793 1736 timide,
813 1659 890 1719 liber
904 1658 1020 1731 exulis,
1036 1657 1164 1718 urbem:

307 1745 354 1806 Da
367 1743 521 1820 placidam
536 1743 638 1818 tesso,
654 1743 752 1805 lector
765 1743 877 1820 amine,
893 1758 1027 1804 manum.

265 1829 349 1889 Neve
363 1827 546 1901 reformida,
562 1843 602 1888 ne
616 1827 675 1889 sim
690 1827 743 1888 tibi
758 1827 838 1888 iorte
857 1827 984 1904 pudori=
1218 1875 1219 1947 1

307 1912 416 1973 Nullus
431 1912 461 1971 in
476 1911 536 1972 hae
551 1912 658 1973 charta
671 1927 784 1973 versus
800 1928 903 1973 ornare
916 1913 1018 1974 docet.

238 1997 332 2058 5Noe
347 1995 463 2056 domini
478 1997 602 2056 iortuna
613 1996 674 2057 mei
689 2002 752 2071 est,
770 2004 804 2058 ut
818 1996 930 2059 debeat
943 1995 1025 2056 illam

307 2080 416 2140 lnielix
430 2079 502 2142 ullis
517 2078 712 2141 dissimulare
725 2081 813 2143 ineis.
1217 2079 1218 2157 l

267 2165 300 2224 ld
316 2178 455 2239 quoque,
473 2164 558 2238 quod
572 2163 662 2226 viridi
678 2166 835 2240 quondam
851 2165 930 2225 male
943 2165 1017 2226 lusit
1032 2165 1062 2225 in
1078 2178 1175 2240 aevo,

306 2247 375 2308 Heu
389 2247 512 2308 nimium
531 2263 602 2310 sero
617 2249 742 2310 damnat
755 2255 786 2309 et
800 2249 866 2311 odit
881 2265 972 2324 opus.
1216 2291 1217 2367 1

192 2385 200 2396 ,
267 2331 392 2407 lnspiee
408 2331 483 2407 quid
497 2338 625 2408 portem.
662 2333 736 2394 nihil
749 2331 801 2394 hie
815 2333 875 2395 nisi
892 2333 978 2394 triste
993 2331 1128 2406 videbis,

220 2427 255 2480 lo
310 2414 449 2476 Curndne
464 2416 654 2492 temporibus
669 2417 871 2478 conveniente
886 2416 963 2479 sais.

266 2499 382 2562 clauda
396 2501 480 2576 quod
496 2501 613 2562 alterno
630 2500 796 2564 subsidunt
811 2501 948 2562 earmina
961 2517 1067 2575 versu,
1215 2489 1216 2575 i

304 2584 363 2644 Vel
379 2583 470 2660 pedis
484 2584 544 2646 lroo
558 2585 653 2660 ratio,
667 2587 717 2645 vel
733 2585 784 2646 via
796 2585 890 2661 longa
904 2584 990 2646 laeitt

265 2660 474 2744 Quod'neqne
490 2685 557 2730 sum
574 2668 669 2730 cedro
686 2668 788 2731 llavus
803 2683 861 2729 neo
877 2668 1000 2745 pumice
1013 2668 1106 2744 letis,
1214 2701 1215 2785 l

303 2750 419 2812 Erubui
437 2751 562 2813 domino
578 2753 688 2813 cultior
701 2767 774 2815 esse
789 2769 868 2815 meo.

216 2847 251 2899 15
267 2835 377 2896 Littera
392 2833 530 2896 suliusas
545 2837 629 2910 quod
644 2835 737 2898 habet
752 2837 912 2901 maculosa
925 2838 1043 2910 lituras,
1213 2893 1214 2914 ,

304 2919 409 2980 Laesit
423 2936 504 2995 opus
520 2920 653 2982 lacrimis
670 2921 740 2997 ipse
757 2929 851 2996 poeta
865 2938 964 2983 suum.
1213 2917 1214 2996 l

265 3003 361 3079 Siqua
377 3003 560 3065 videbuntur
574 3019 648 3066 casu
662 3021 723 3064 non
744 3005 827 3066 dicta
839 3006 955 3079 Latine,

302 3088 336 3147 ln
352 3103 414 3164 qua
429 3088 596 3164 scribebat,
611 3088 746 3150 barbara
761 3097 844 3151 terra
858 3091 924 3151 luit.

262 3171 376 3247 Dicite,
395 3169 544 3248 lectores,
564 3173 591 3234 si
610 3189 671 3233 nun
687 3189 798 3250 grave,
814 3191 876 3248 qua
891 3173 930 3235 sit
945 3172 1090 3247 eundum,

215 3264 251 3317 lu
305 3254 450 3330 Quasque
463 3264 565 3333 petam
580 3257 675 3318 sedes
691 3257 810 3334 lrospes
829 3259 859 3317 in
874 3257 958 3320 Urbe
971 3256 1072 3316 liber!

263 3339 346 3400 Haeo
368 3336 421 3396 ubi
433 3359 501 3403 sum
516 3342 615 3402 iurtirn
631 3342 735 3416 llngua
749 3340 897 3403 titubante
912 3343 1042 3415 loeutus
1211 3361 1212 3414 t

294 3416 351 3492 Qut
373 3421 445 3484 milri
459 3431 655 3500 monstraret,
672 3426 723 3486 rix
740 3425 796 3486 luit
809 3441 904 3502 arnus,
926 3425 990 3486 iter.

260 3508 307 3567 ‘lli
324 3508 376 3568 tibi
392 3509 478 3585 dent,
498 3515 604 3570 nostro
621 3509 704 3588 quod
720 3525 781 3571 non
796 3509 929 3570 tribuere
943 3515 1066 3586 poetae,
