2492 3926
170 271 233 336 262
551 265 806 328 FASTORUM

188 431 242 489 650
299 421 456 496 Squalenti
472 419 550 479 Dido
570 418 805 492 sanguinulenta
820 432 909 477 cuma

253 507 291 566 bt
305 506 413 580 ‘Fuga
434 519 472 562 nc
488 501 605 576 dubita,
628 508 792 575 maestum,
816 500 900 575 luge’
920 502 1024 563 dicere
1040 508 1205 564 <taetrum

296 587 359 650 Sub
375 588 502 648 verbum
518 586 662 660 querulas
679 584 786 660 inpulit
800 599 876 644 aura
892 585 984 644 iores.
1101 603 1109 609 -

253 672 357 746 Exilii,
373 677 403 732 et
420 671 511 730 velox
526 668 630 728 humili
640 683 741 744 ‚super
755 684 830 729 arva
843 668 980 730 fenestra

297 754 338 816 Se
353 755 432 815 iacit.
462 754 610 814 audacem
625 755 740 812 lecerat
753 752 822 828 ipse
836 752 935 812 timor.

189 847 240 904 615
256 840 383 915 Quaque
397 843 479 899 metu
492 837 624 912 rapitur,
639 835 743 896 tunica
757 836 859 896 velata
873 836 1010 898 recincta

298 922 410 994 Currit,
427 928 459 982 ut
474 921 586 981 auditis
601 919 705 979 territa
720 918 841 979 damma
855 919 947 994 lupis.

255 1007 401 1081 Corniger
415 1005 494 1065 hanc
509 1004 629 1079 cupidis
643 1003 785 1078 rapuisse
799 1003 955 1063 Numicius
970 1005 1064 1064 undis

298 1090 450 1162 Creditur,
468 1095 498 1149 et
512 1088 628 1164 stagnis
645 1087 818 1147 occuluisse
833 1088 909 1148 suis,

255 1172 379 1235 Sidonis
395 1173 510 1233 interea
524 1187 635 1246 magno
652 1171 785 1230 clamore
798 1186 855 1245 per
870 1187 961 1246 agros

192 1262 244 1316 650
296 1257 463 1332 Quaeritur.
493 1262 644 1330 apparent
658 1255 746 1330 signa
760 1261 914 1330 notaeque
929 1256 1061 1330 pedum=¹

255 1343 386 1414 Ventum
402 1346 466 1399 erat
480 1339 521 1398 ad
535 1339 628 1414 ripas.
657 1339 775 1398 inerant
789 1337 920 1413 vestigia
934 1339 1041 1414 ripis...

299 1422 448 1484 Sustinuit
463 1423 572 1483 tacitas
588 1422 732 1483 conscius
748 1421 847 1482 amnis
863 1437 992 1498 aquas...

255 1509 326 1582 lpsa
339 1508 425 1582 loqui
438 1507 507 1566 visa
522 1513 570 1566 cst
584 1506 710 1566 ‘Placidi
726 1521 794 1565 sum
808 1506 951 1585 nympha
964 1507 1107 1567 Numici:

298 1592 397 1652 Amne
413 1607 547 1667 perenne
562 1593 659 1650 latens
674 1591 765 1649 Anna
780 1589 918 1650 Perenna
936 1597 1056 1653 vocor!

193 1687 245 1742 655
259 1673 400 1737 Protinus
415 1675 523 1736 erratis
538 1674 608 1735 laeti
624 1680 792 1734 vescuntur
806 1675 836 1734 in
853 1675 944 1750 agris,

300 1760 338 1820 Et
352 1761 507 1820 celebrant
519 1760 605 1834 largo
620 1773 748 1833 remque
762 1758 907 1833 diemque
925 1774 1019 1819 meru.

258 1844 334 1904 Sunt
360 1843 470 1920 quibus
490 1844 569 1904 haec
590 1843 675 1903 Luna
696 1850 756 1917 est,
785 1842 856 1916 quia
882 1842 1040 1903 mensibus
1069 1844 1199 1919 implent

870 1943 996 1988 annilina

299 2011 372 2070 Pars
386 2011 526 2086 Themin,
546 2011 700 2072 Inachiam
714 2027 787 2088 pars
803 2017 888 2087 putat
905 2027 976 2072 esse
990 2010 1119 2071 bovem.
1229 2041 1230 2046 1

258 2095 414 2168 15505105,
432 2097 483 2171 qui
498 2103 527 2155 te
544 2095 700 2173 nymphen
715 2095 871 2156 Atlantida
885 2095 995 2167 dicant,

194 2181 246 2237 660
299 2181 403 2256 Teque
417 2180 483 2240 lovi
498 2179 631 2254 5515505,
649 2181 752 2254 Anna,
769 2179 896 2240 dedisse
911 2179 1006 2240 cibos.

257 2265 340 2323 Haec
353 2277 485 2339 quoque,
503 2279 594 2339 quarn
607 2265 746 2338 referam,
759 2270 882 2325 nostras
895 2261 1087 2342 pervenitad
1103 2279 1200 2324 aures
1228 2315 1229 2334 ,

298 2347 400 2407 Fama.
428 2363 519 2409 neca
535 2347 601 2409 veri
618 2346 747 2408 dissidet
761 2347 812 2408 illa
827 2348 898 2408 lide.

256 2431 346 2492 Plebs
362 2438 450 2494 vetus
466 2439 496 2494 01
510 2433 601 2494 551115
616 2432 780 2493 etiamtunc
794 2440 857 2494 tuta
871 2432 999 2494 tribunis

297 2515 398 2592 Fugit,
414 2524 443 2579 et
458 2519 487 2577 in
504 2516 590 2578 Sacri
606 2517 720 2577 vertice
736 2517 846 2577 montis
863 2525 936 2576 0551.

194 2607 245 2662 665
262 2601 323 2660 lam
340 2616 480 2676 quoque,
497 2617 587 2676 quem
602 2617 706 2661 secum
721 2601 864 2674 tulerant,
881 2601 1036 2661 deiecerat
1050 2601 1126 2660 illos

298 2683 406 2744 Victus
422 2692 451 2744 et
464 2683 605 2744 humanis
620 2684 727 2744 usibus
742 2690 813 2760 apta
829 2700 926 2746 ceres.

258 2765 329 2826 0515
344 2765 528 2827 suburbanis
544 2767 695 2842 quaedam
710 2769 765 2829 luit
778 2770 868 2829 Anna
881 2768 1018 2844 Bouillis,

298 2849 432 2925 Pauper,
448 2850 506 2912 sed
521 2852 653 2912 mundae
668 2853 838 2914 sedulitatis
853 2870 940 2913 anus.
1226 2859 1227 2874 ¹

258 2934 323 3006 1115,
340 2933 401 2994 1051
416 2935 502 2996 551155
518 2952 613 2997 05505
627 2936 768 2997 redimita
783 2937 921 3013 05511105,

193 3032 245 3089 670
298 3017 445 3093 Fingebat
459 3021 588 3080 tremula
603 3021 715 3081 rustica
731 3021 793 3081 liba
806 3038 913 3082 manu:

257 3105 359 3176 Atque
378 3102 418 3162 ita
433 3120 489 3179 per
505 3101 651 3182 populum
667 3104 812 3165 fumantia
827 3120 916 3165 manc
931 3104 1050 3166 solebat
1225 3121 1226 3130 ¹

297 3185 450 3248 Dividere.
478 3189 555 3250 haec
570 3191 687 3265 505510
703 3189 793 3264 05515
807 3198 893 3265 grata
908 3190 971 3249 luit.

255 3270 334 3332 Pace
350 3270 432 3330 domi
448 3273 527 3334 lacta
542 3273 662 3348 signum
676 3289 811 3348 posuere
825 3289 969 3349 perenne,

298 3354 387 3427 Quod
401 3356 460 3416 sibi
475 3356 602 3416 delectis
617 3354 669 3417 illa
683 3356 804 3419 tulisset
819 3373 920 3433 opem.
1224 3367 1225 3410 1

190 3437 444 3514 merulentus,
460 3456 515 3501 cur
528 3447 664 3513 cantent,
680 3448 837 3517 superest,
854 3442 989 3503 obscena
1003 3440 1142 3515 puellae,

292 3519 413 3581 Dicere.
443 3539 513 3582 nam
530 3531 655 3600 coeunt,
673 3532 816 3602 certaque
832 3527 945 3603 probra
959 3531 1084 3585 canunt.
