<?xml version="1.0" encoding="UTF-8"?>
<!DOCTYPE html PUBLIC "-//W3C//DTD XHTML 1.0 Transitional//EN"
    "http://www.w3.org/TR/xhtml1/DTD/xhtml1-transitional.dtd">
<html xmlns="http://www.w3.org/1999/xhtml" xml:lang="en" lang="en">
 <head>
  <title>
</title>
<meta http-equiv="Content-Type" content="text/html;charset=utf-8" />
  <meta name='ocr-system' content='tesseract 3.04.00' />
  <meta name='ocr-capabilities' content='ocr_page ocr_carea ocr_par ocr_line ocrx_word'/>
</head>
<body>
  <div class='ocr_page' id='page_1' title='image "./povidiusnaso00goog_0350.png"; bbox 0 0 2492 3926; ppageno 0'>
   <div class='ocr_carea' id='block_1_1' title="bbox 374 761 869 854">
    <p class='ocr_par' dir='ltr' id='par_1_1' title="bbox 374 761 869 854">
     <span class='ocr_line' id='line_1_1' title="bbox 374 761 869 854; baseline 0.02 -10"><span class='ocrx_word' id='word_1_1' title='bbox 374 761 803 845; x_wconf 76' lang='lat' dir='ltr'><strong>lllllnlllltl.</strong></span> <span class='ocrx_word' id='word_1_2' title='bbox 865 848 869 854; x_wconf 13' lang='lat' dir='ltr'><strong>a</strong></span> 
     </span>
    </p>
   </div>
   <div class='ocr_carea' id='block_1_2' title="bbox 115 931 1072 2043">
    <p class='ocr_par' dir='ltr' id='par_1_2' title="bbox 115 931 1072 2043">
     <span class='ocr_line' id='line_1_2' title="bbox 169 931 986 1046; baseline 0.009 -22"><span class='ocrx_word' id='word_1_3' title='bbox 169 931 301 1043; x_wconf 64' lang='lat' dir='ltr'><strong>Accepit</strong></span> <span class='ocrx_word' id='word_1_4' title='bbox 314 969 447 1028; x_wconf 91' lang='lat' dir='ltr'><strong>mundus</strong></span> <span class='ocrx_word' id='word_1_5' title='bbox 463 969 571 1043; x_wconf 79' lang='lat' dir='ltr'><strong>legem.</strong></span> <span class='ocrx_word' id='word_1_6' title='bbox 603 964 687 1030; x_wconf 86' lang='lat' dir='ltr'>dedit</span> <span class='ocrx_word' id='word_1_7' title='bbox 701 986 785 1029; x_wconf 85' lang='lat' dir='ltr'><strong>arma</strong></span> <span class='ocrx_word' id='word_1_8' title='bbox 800 986 855 1046; x_wconf 88' lang='lat' dir='ltr'><strong>per</strong></span> <span class='ocrx_word' id='word_1_9' title='bbox 870 985 986 1044; x_wconf 71' lang='lat' dir='ltr'><strong>ornnes</strong></span> 
     </span>
     <span class='ocr_line' id='line_1_3' title="bbox 166 1051 1040 1129; baseline 0.003 -20"><span class='ocrx_word' id='word_1_10' title='bbox 166 1052 391 1126; x_wconf 81' lang='lat' dir='ltr'><strong>Admonuitque</strong></span> <span class='ocrx_word' id='word_1_11' title='bbox 407 1053 465 1114; x_wconf 86' lang='lat' dir='ltr'><strong>sui.</strong></span> <span class='ocrx_word' id='word_1_12' title='bbox 495 1055 607 1113; x_wconf 84' lang='lat' dir='ltr'><strong>vitulus</strong></span> <span class='ocrx_word' id='word_1_13' title='bbox 624 1057 669 1114; x_wconf 86' lang='lat' dir='ltr'><strong>sle</strong></span> <span class='ocrx_word' id='word_1_14' title='bbox 683 1070 815 1128; x_wconf 89' lang='lat' dir='ltr'><strong>namque</strong></span> <span class='ocrx_word' id='word_1_15' title='bbox 829 1055 966 1129; x_wconf 88' lang='lat' dir='ltr'><strong>minatur,</strong></span> <span class='ocrx_word' id='word_1_16' title='bbox 1037 1051 1040 1056; x_wconf 83' lang='grc'>’</span> 
     </span>
     <span class='ocr_line' id='line_1_4' title="bbox 167 1135 959 1212; baseline 0.001 -16"><span class='ocrx_word' id='word_1_17' title='bbox 167 1135 223 1209; x_wconf 82' lang='lat' dir='ltr'><strong>Qui</strong></span> <span class='ocrx_word' id='word_1_18' title='bbox 237 1137 372 1196; x_wconf 87' lang='lat' dir='ltr'><strong>nondum</strong></span> <span class='ocrx_word' id='word_1_19' title='bbox 387 1137 465 1212; x_wconf 83' lang='lat' dir='ltr'><strong>gerit</strong></span> <span class='ocrx_word' id='word_1_20' title='bbox 479 1139 508 1197; x_wconf 95' lang='lat' dir='ltr'><strong>in</strong></span> <span class='ocrx_word' id='word_1_21' title='bbox 524 1145 630 1198; x_wconf 85' lang='lat' dir='ltr'><strong>tenera</strong></span> <span class='ocrx_word' id='word_1_22' title='bbox 645 1138 704 1198; x_wconf 87' lang='lat' dir='ltr'><strong>iam</strong></span> <span class='ocrx_word' id='word_1_23' title='bbox 723 1154 839 1198; x_wconf 84' lang='lat' dir='ltr'><strong>cornua</strong></span> <span class='ocrx_word' id='word_1_24' title='bbox 853 1138 959 1212; x_wconf 83' lang='lat' dir='ltr'><strong>fronte,</strong></span> 
     </span>
     <span class='ocr_line' id='line_1_5' title="bbox 168 1220 927 1299; baseline 0.003 -19"><span class='ocrx_word' id='word_1_25' title='bbox 168 1220 218 1280; x_wconf 86' lang='lat' dir='ltr'><strong>Sic</strong></span> <span class='ocrx_word' id='word_1_26' title='bbox 233 1221 373 1281; x_wconf 88' lang='lat' dir='ltr'><strong>dammae</strong></span> <span class='ocrx_word' id='word_1_27' title='bbox 389 1222 522 1298; x_wconf 82' lang='lat' dir='ltr'><strong>lugiunt,</strong></span> <span class='ocrx_word' id='word_1_28' title='bbox 539 1231 675 1299; x_wconf 84' lang='lat' dir='ltr'><strong>pugnant</strong></span> <span class='ocrx_word' id='word_1_29' title='bbox 688 1224 797 1283; x_wconf 88' lang='lat' dir='ltr'><strong>virtute</strong></span> <span class='ocrx_word' id='word_1_30' title='bbox 811 1223 927 1297; x_wconf 89' lang='lat' dir='ltr'><strong>leones,</strong></span> 
     </span>
     <span class='ocr_line' id='line_1_6' title="bbox 135 1305 904 1383; baseline 0.003 -19"><span class='ocrx_word' id='word_1_31' title='bbox 135 1313 152 1365; x_wconf 85' lang='lat'>5</span> <span class='ocrx_word' id='word_1_32' title='bbox 167 1305 205 1364; x_wconf 84' lang='lat' dir='ltr'><strong>El</strong></span> <span class='ocrx_word' id='word_1_33' title='bbox 218 1321 323 1366; x_wconf 88' lang='lat' dir='ltr'><strong>morsu</strong></span> <span class='ocrx_word' id='word_1_34' title='bbox 338 1307 423 1367; x_wconf 85' lang='lat' dir='ltr'><strong>canis</strong></span> <span class='ocrx_word' id='word_1_35' title='bbox 440 1313 471 1367; x_wconf 88' lang='lat' dir='ltr'><strong>et</strong></span> <span class='ocrx_word' id='word_1_36' title='bbox 485 1307 602 1368; x_wconf 90' lang='lat' dir='ltr'><strong>caudae</strong></span> <span class='ocrx_word' id='word_1_37' title='bbox 618 1307 663 1367; x_wconf 90' lang='lat' dir='ltr'><strong>sic</strong></span> <span class='ocrx_word' id='word_1_38' title='bbox 678 1308 820 1383; x_wconf 86' lang='lat' dir='ltr'><strong>scorpius</strong></span> <span class='ocrx_word' id='word_1_39' title='bbox 835 1309 904 1382; x_wconf 88' lang='lat' dir='ltr'><strong>ictu,</strong></span> 
     </span>
     <span class='ocr_line' id='line_1_7' title="bbox 166 1387 872 1467; baseline 0 -18"><span class='ocrx_word' id='word_1_40' title='bbox 166 1387 395 1466; x_wconf 80' lang='lat' dir='ltr'><strong>Concussisque</strong></span> <span class='ocrx_word' id='word_1_41' title='bbox 409 1391 486 1452; x_wconf 88' lang='lat' dir='ltr'><strong>levis</strong></span> <span class='ocrx_word' id='word_1_42' title='bbox 503 1391 604 1467; x_wconf 89' lang='lat' dir='ltr'><strong>pinnis</strong></span> <span class='ocrx_word' id='word_1_43' title='bbox 620 1393 665 1453; x_wconf 92' lang='lat' dir='ltr'><strong>sic</strong></span> <span class='ocrx_word' id='word_1_44' title='bbox 681 1393 784 1453; x_wconf 84' lang='lat' dir='ltr'><strong>evolat</strong></span> <span class='ocrx_word' id='word_1_45' title='bbox 797 1393 872 1453; x_wconf 87' lang='lat' dir='ltr'><strong>ales.</strong></span> 
     </span>
     <span class='ocr_line' id='line_1_8' title="bbox 167 1474 986 1550; baseline 0 -16"><span class='ocrx_word' id='word_1_46' title='bbox 167 1474 287 1544; x_wconf 89' lang='lat' dir='ltr'><strong>Onmib;</strong></span> <span class='ocrx_word' id='word_1_47' title='bbox 306 1475 352 1535; x_wconf 87' lang='lat' dir='ltr'><strong>sic</strong></span> <span class='ocrx_word' id='word_1_48' title='bbox 369 1483 458 1538; x_wconf 87' lang='lat' dir='ltr'><strong>nocte</strong></span> <span class='ocrx_word' id='word_1_49' title='bbox 473 1478 577 1538; x_wconf 92' lang='lat' dir='ltr'><strong>morlis</strong></span> <span class='ocrx_word' id='word_1_50' title='bbox 592 1477 696 1550; x_wconf 85' lang='lat' dir='ltr'><strong>timor,</strong></span> <span class='ocrx_word' id='word_1_51' title='bbox 713 1475 852 1538; x_wconf 91' lang='lat' dir='ltr'><strong>omnibus</strong></span> <span class='ocrx_word' id='word_1_52' title='bbox 868 1477 986 1536; x_wconf 89' lang='lat' dir='ltr'><strong>hostem</strong></span> 
     </span>
     <span class='ocr_line' id='line_1_9' title="bbox 164 1558 950 1636; baseline 0.003 -19"><span class='ocrx_word' id='word_1_53' title='bbox 164 1558 413 1636; x_wconf 84' lang='lat' dir='ltr'><strong>Praesidiumque</strong></span> <span class='ocrx_word' id='word_1_54' title='bbox 434 1561 536 1621; x_wconf 74' lang='lat' dir='ltr'><strong>datram</strong></span> <span class='ocrx_word' id='word_1_55' title='bbox 551 1563 664 1622; x_wconf 85' lang='lat' dir='ltr'><strong>sentire</strong></span> <span class='ocrx_word' id='word_1_56' title='bbox 679 1567 709 1622; x_wconf 85' lang='lat' dir='ltr'><strong>el</strong></span> <span class='ocrx_word' id='word_1_57' title='bbox 725 1576 855 1622; x_wconf 90' lang='lat' dir='ltr'><strong>noscere</strong></span> <span class='ocrx_word' id='word_1_58' title='bbox 869 1561 920 1620; x_wconf 87' lang='lat' dir='ltr'><strong>teli</strong></span> <span class='ocrx_word' id='word_1_59' title='bbox 946 1559 950 1567; x_wconf 90' lang='lat'>&#39;</span> 
     </span>
     <span class='ocr_line' id='line_1_10' title="bbox 166 1643 1072 1721; baseline 0.002 -19"><span class='ocrx_word' id='word_1_60' title='bbox 166 1644 296 1720; x_wconf 91' lang='lat' dir='ltr'><strong>Vimque</strong></span> <span class='ocrx_word' id='word_1_61' title='bbox 310 1644 495 1721; x_wconf 89' lang='lat' dir='ltr'><strong>modumque</strong></span> <span class='ocrx_word' id='word_1_62' title='bbox 512 1648 568 1707; x_wconf 92' lang='lat' dir='ltr'><strong>sui.</strong></span> <span class='ocrx_word' id='word_1_63' title='bbox 601 1647 646 1707; x_wconf 90' lang='lat' dir='ltr'><strong>sic</strong></span> <span class='ocrx_word' id='word_1_64' title='bbox 662 1654 691 1707; x_wconf 89' lang='lat' dir='ltr'><strong>el</strong></span> <span class='ocrx_word' id='word_1_65' title='bbox 705 1661 813 1706; x_wconf 87' lang='lat' dir='ltr'><strong>scarus</strong></span> <span class='ocrx_word' id='word_1_66' title='bbox 829 1653 893 1706; x_wconf 90' lang='lat' dir='ltr'><strong>arte</strong></span> <span class='ocrx_word' id='word_1_67' title='bbox 908 1643 965 1704; x_wconf 89' lang='lat' dir='ltr'><strong>sub</strong></span> <span class='ocrx_word' id='word_1_68' title='bbox 981 1644 1072 1704; x_wconf 89' lang='lat' dir='ltr'><strong>undis</strong></span> 
     </span>
     <span class='ocr_line' id='line_1_11' title="bbox 115 1727 303 1788; baseline 0.027 -6"><span class='ocrx_word' id='word_1_69' title='bbox 115 1730 148 1782; x_wconf 87' lang='lat' dir='ltr'><strong>lo</strong></span> <span class='ocrx_word' id='word_1_70' title='bbox 166 1727 231 1788; x_wconf 89' lang='lat' dir='ltr'><strong>Sin</strong></span> <span class='ocrx_word' id='word_1_71' title='bbox 235 1771 303 1787; x_wconf 89' lang='grc'><strong>.......</strong></span> 
     </span>
     <span class='ocr_line' id='line_1_12' title="bbox 164 1811 977 1890; baseline -0.001 -18"><span class='ocrx_word' id='word_1_72' title='bbox 164 1811 283 1873; x_wconf 84' lang='lat' dir='ltr'><strong>Decidit</strong></span> <span class='ocrx_word' id='word_1_73' title='bbox 296 1812 518 1890; x_wconf 72' lang='lat' dir='ltr'><strong>adsumptaque</strong></span> <span class='ocrx_word' id='word_1_74' title='bbox 535 1815 607 1874; x_wconf 90' lang='lat' dir='ltr'><strong>dolo</strong></span> <span class='ocrx_word' id='word_1_75' title='bbox 624 1815 745 1875; x_wconf 86' lang='lat' dir='ltr'><strong>tandem</strong></span> <span class='ocrx_word' id='word_1_76' title='bbox 760 1821 852 1890; x_wconf 87' lang='lat' dir='ltr'><strong>pavet</strong></span> <span class='ocrx_word' id='word_1_77' title='bbox 866 1829 977 1889; x_wconf 88' lang='lat' dir='ltr'><strong>escam,</strong></span> 
     </span>
     <span class='ocr_line' id='line_1_13' title="bbox 164 1897 871 1972; baseline 0.003 -17"><span class='ocrx_word' id='word_1_78' title='bbox 164 1897 230 1958; x_wconf 90' lang='lat' dir='ltr'><strong>Non</strong></span> <span class='ocrx_word' id='word_1_79' title='bbox 245 1897 337 1958; x_wconf 86' lang='lat' dir='ltr'><strong>audet</strong></span> <span class='ocrx_word' id='word_1_80' title='bbox 351 1898 444 1957; x_wconf 88' lang='lat' dir='ltr'><strong>radiis</strong></span> <span class='ocrx_word' id='word_1_81' title='bbox 460 1897 574 1958; x_wconf 87' lang='lat' dir='ltr'><strong>obnixa</strong></span> <span class='ocrx_word' id='word_1_82' title='bbox 588 1913 749 1960; x_wconf 85' lang='lat' dir='ltr'><strong>occurrere</strong></span> <span class='ocrx_word' id='word_1_83' title='bbox 765 1899 871 1972; x_wconf 83' lang='lat' dir='ltr'><strong>fronte,</strong></span> 
     </span>
     <span class='ocr_line' id='line_1_14' title="bbox 164 1981 886 2043; baseline 0 -3"><span class='ocrx_word' id='word_1_84' title='bbox 164 1985 301 2042; x_wconf 80' lang='lat' dir='ltr'><strong>Aversus</strong></span> <span class='ocrx_word' id='word_1_85' title='bbox 316 1981 423 2042; x_wconf 90' lang='lat' dir='ltr'><strong>crebro</strong></span> <span class='ocrx_word' id='word_1_86' title='bbox 439 1982 539 2043; x_wconf 88' lang='lat' dir='ltr'><strong>vimen</strong></span> <span class='ocrx_word' id='word_1_87' title='bbox 555 1983 613 2043; x_wconf 87' lang='lat' dir='ltr'><strong>sed</strong></span> <span class='ocrx_word' id='word_1_88' title='bbox 629 1983 754 2043; x_wconf 87' lang='lat' dir='ltr'><strong>verbere</strong></span> <span class='ocrx_word' id='word_1_89' title='bbox 770 1982 886 2042; x_wconf 89' lang='lat' dir='ltr'><strong>caudae</strong></span> 
     </span>
    </p>
   </div>
   <div class='ocr_carea' id='block_1_3' title="bbox 76 2065 988 2480">
    <p class='ocr_par' dir='ltr' id='par_1_3' title="bbox 76 2065 988 2480">
     <span class='ocr_line' id='line_1_15' title="bbox 164 2065 988 2144; baseline -0.005 -18"><span class='ocrx_word' id='word_1_90' title='bbox 164 2067 286 2126; x_wconf 86' lang='lat' dir='ltr'><strong>Laxans</strong></span> <span class='ocrx_word' id='word_1_91' title='bbox 302 2065 512 2142; x_wconf 82' lang='lat' dir='ltr'><strong>subsequitur,</strong></span> <span class='ocrx_word' id='word_1_92' title='bbox 528 2075 685 2144; x_wconf 89' lang='lat' dir='ltr'><strong>tutumque</strong></span> <span class='ocrx_word' id='word_1_93' title='bbox 700 2067 803 2127; x_wconf 88' lang='lat' dir='ltr'><strong>evadit</strong></span> <span class='ocrx_word' id='word_1_94' title='bbox 817 2067 847 2125; x_wconf 96' lang='lat' dir='ltr'><strong>in</strong></span> <span class='ocrx_word' id='word_1_95' title='bbox 863 2081 988 2142; x_wconf 78' lang='lat' dir='ltr'><strong>aequor.</strong></span> 
     </span>
     <span class='ocr_line' id='line_1_16' title="bbox 117 2151 978 2228; baseline 0.001 -16"><span class='ocrx_word' id='word_1_96' title='bbox 117 2162 150 2214; x_wconf 78' lang='lat'><strong>15</strong></span> <span class='ocrx_word' id='word_1_97' title='bbox 165 2151 240 2224; x_wconf 82' lang='lat' dir='ltr'><strong>Quin</strong></span> <span class='ocrx_word' id='word_1_98' title='bbox 257 2151 347 2210; x_wconf 88' lang='lat' dir='ltr'><strong>etlam</strong></span> <span class='ocrx_word' id='word_1_99' title='bbox 361 2151 388 2211; x_wconf 92' lang='lat' dir='ltr'><strong>si</strong></span> <span class='ocrx_word' id='word_1_100' title='bbox 404 2151 480 2212; x_wconf 86' lang='lat' dir='ltr'><strong>iorte</strong></span> <span class='ocrx_word' id='word_1_101' title='bbox 495 2151 620 2228; x_wconf 87' lang='lat' dir='ltr'><strong>aliquis,</strong></span> <span class='ocrx_word' id='word_1_102' title='bbox 638 2152 711 2212; x_wconf 91' lang='lat' dir='ltr'><strong>dum</strong></span> <span class='ocrx_word' id='word_1_103' title='bbox 725 2157 897 2227; x_wconf 81' lang='lat' dir='ltr'><strong>praenotat,</strong></span> <span class='ocrx_word' id='word_1_104' title='bbox 913 2159 978 2213; x_wconf 88' lang='lat' dir='ltr'><strong>arlo</strong></span> 
     </span>
     <span class='ocr_line' id='line_1_17' title="bbox 164 2235 909 2310; baseline 0 -16"><span class='ocrx_word' id='word_1_105' title='bbox 164 2235 244 2296; x_wconf 89' lang='lat' dir='ltr'><strong>Mitis</strong></span> <span class='ocrx_word' id='word_1_106' title='bbox 259 2235 420 2295; x_wconf 87' lang='lat' dir='ltr'><strong>luctantem</strong></span> <span class='ocrx_word' id='word_1_107' title='bbox 436 2251 542 2302; x_wconf 84' lang='lat' dir='ltr'><strong>scarus</strong></span> <span class='ocrx_word' id='word_1_108' title='bbox 556 2236 637 2297; x_wconf 91' lang='lat' dir='ltr'><strong>hunc</strong></span> <span class='ocrx_word' id='word_1_109' title='bbox 654 2236 684 2295; x_wconf 96' lang='lat' dir='ltr'><strong>in</strong></span> <span class='ocrx_word' id='word_1_110' title='bbox 699 2235 811 2296; x_wconf 91' lang='lat' dir='ltr'><strong>vimine</strong></span> <span class='ocrx_word' id='word_1_111' title='bbox 825 2236 909 2310; x_wconf 89' lang='lat' dir='ltr'><strong>vidit,</strong></span> 
     </span>
     <span class='ocr_line' id='line_1_18' title="bbox 76 2318 812 2394; baseline -0.001 -15"><span class='ocrx_word' id='word_1_112' title='bbox 76 2318 81 2328; x_wconf 85' lang='grc'><strong>“</strong></span> <span class='ocrx_word' id='word_1_113' title='bbox 165 2319 276 2380; x_wconf 82' lang='lat' dir='ltr'><strong>Aversi</strong></span> <span class='ocrx_word' id='word_1_114' title='bbox 291 2320 419 2379; x_wconf 89' lang='lat' dir='ltr'><strong>caudam</strong></span> <span class='ocrx_word' id='word_1_115' title='bbox 434 2336 539 2381; x_wconf 90' lang='lat' dir='ltr'><strong>morsu</strong></span> <span class='ocrx_word' id='word_1_116' title='bbox 553 2327 635 2381; x_wconf 88' lang='lat' dir='ltr'><strong>tenet</strong></span> <span class='ocrx_word' id='word_1_117' title='bbox 649 2326 741 2394; x_wconf 89' lang='lat' dir='ltr'><strong>atque</strong></span> <span class='ocrx_word' id='word_1_118' title='bbox 759 2320 812 2380; x_wconf 89' lang='lat' dir='ltr'><strong>lita</strong></span> 
     </span>
     <span class='ocr_line' id='line_1_19' title="bbox 164 2403 816 2480; baseline -0.005 -16"><span class='ocrx_word' id='word_1_119' title='bbox 164 2403 247 2464; x_wconf 85' lang='lat' dir='ltr'><strong>Uber</strong></span> <span class='ocrx_word' id='word_1_120' title='bbox 267 2409 388 2464; x_wconf 85' lang='lat' dir='ltr'><strong>servato</strong></span> <span class='ocrx_word' id='word_1_121' title='bbox 405 2420 496 2480; x_wconf 89' lang='lat' dir='ltr'><strong>quem</strong></span> <span class='ocrx_word' id='word_1_122' title='bbox 510 2405 585 2467; x_wconf 88' lang='lat' dir='ltr'><strong>texit</strong></span> <span class='ocrx_word' id='word_1_123' title='bbox 600 2406 667 2464; x_wconf 90' lang='lat' dir='ltr'><strong>cive</strong></span> <span class='ocrx_word' id='word_1_124' title='bbox 681 2405 816 2464; x_wconf 88' lang='lat' dir='ltr'><strong>resultat.</strong></span> 
     </span>
    </p>
   </div>
   <div class='ocr_carea' id='block_1_4' title="bbox 106 2485 1013 3493">
    <p class='ocr_par' dir='ltr' id='par_1_4' title="bbox 106 2485 1013 3493">
     <span class='ocr_line' id='line_1_20' title="bbox 167 2485 926 2564; baseline -0.003 -16"><span class='ocrx_word' id='word_1_125' title='bbox 167 2487 259 2564; x_wconf 86' lang='lat' dir='ltr'><strong>Sepia</strong></span> <span class='ocrx_word' id='word_1_126' title='bbox 273 2485 361 2550; x_wconf 85' lang='lat' dir='ltr'><strong>tarda</strong></span> <span class='ocrx_word' id='word_1_127' title='bbox 376 2487 483 2564; x_wconf 79' lang='lat' dir='ltr'><strong>fugae,</strong></span> <span class='ocrx_word' id='word_1_128' title='bbox 499 2489 581 2550; x_wconf 90' lang='lat' dir='ltr'><strong>tenui</strong></span> <span class='ocrx_word' id='word_1_129' title='bbox 598 2505 667 2550; x_wconf 90' lang='lat' dir='ltr'><strong>cum</strong></span> <span class='ocrx_word' id='word_1_130' title='bbox 682 2491 759 2549; x_wconf 89' lang='lat' dir='ltr'><strong>lorte</strong></span> <span class='ocrx_word' id='word_1_131' title='bbox 774 2487 831 2548; x_wconf 90' lang='lat' dir='ltr'><strong>sub</strong></span> <span class='ocrx_word' id='word_1_132' title='bbox 846 2487 926 2548; x_wconf 87' lang='lat' dir='ltr'><strong>unda</strong></span> 
     </span>
     <span class='ocr_line' id='line_1_21' title="bbox 112 2568 1013 2649; baseline -0.003 -19"><span class='ocrx_word' id='word_1_133' title='bbox 112 2577 147 2630; x_wconf 75' lang='lat' dir='ltr'><strong>ao</strong></span> <span class='ocrx_word' id='word_1_134' title='bbox 162 2573 321 2647; x_wconf 83' lang='lat' dir='ltr'><strong>Deprensa</strong></span> <span class='ocrx_word' id='word_1_135' title='bbox 335 2577 396 2646; x_wconf 86' lang='lat' dir='ltr'><strong>est,</strong></span> <span class='ocrx_word' id='word_1_136' title='bbox 411 2573 596 2649; x_wconf 87' lang='lat' dir='ltr'><strong>iamiamque</strong></span> <span class='ocrx_word' id='word_1_137' title='bbox 610 2589 718 2634; x_wconf 91' lang='lat' dir='ltr'><strong>manus</strong></span> <span class='ocrx_word' id='word_1_138' title='bbox 734 2573 818 2633; x_wconf 88' lang='lat' dir='ltr'><strong>timet</strong></span> <span class='ocrx_word' id='word_1_139' title='bbox 832 2571 883 2630; x_wconf 92' lang='lat' dir='ltr'><strong>illa</strong></span> <span class='ocrx_word' id='word_1_140' title='bbox 896 2568 1013 2647; x_wconf 78' lang='lat' dir='ltr'><strong>rapacis</strong></span> 
     </span>
     <span class='ocr_line' id='line_1_22' title="bbox 163 2653 955 2736; baseline 0 -20"><span class='ocrx_word' id='word_1_141' title='bbox 163 2657 305 2717; x_wconf 90' lang='lat' dir='ltr'><strong>lniiciens</strong></span> <span class='ocrx_word' id='word_1_142' title='bbox 318 2672 434 2732; x_wconf 89' lang='lat' dir='ltr'><strong>aequor</strong></span> <span class='ocrx_word' id='word_1_143' title='bbox 447 2657 567 2732; x_wconf 78' lang='lat' dir='ltr'><strong>nigrum</strong></span> <span class='ocrx_word' id='word_1_144' title='bbox 582 2653 676 2718; x_wconf 85' lang='lat' dir='ltr'><strong>vomit</strong></span> <span class='ocrx_word' id='word_1_145' title='bbox 689 2658 781 2736; x_wconf 75' lang='lat' dir='ltr'><strong>iliclet</strong></span> <span class='ocrx_word' id='word_1_146' title='bbox 793 2655 955 2732; x_wconf 75' lang='lat' dir='ltr'><strong>humorem]</strong></span> 
     </span>
     <span class='ocr_line' id='line_1_23' title="bbox 163 2739 886 2816; baseline 0.007 -16"><span class='ocrx_word' id='word_1_147' title='bbox 163 2741 341 2816; x_wconf 81' lang='lat' dir='ltr'><strong>Avertitque</strong></span> <span class='ocrx_word' id='word_1_148' title='bbox 359 2741 423 2802; x_wconf 90' lang='lat' dir='ltr'><strong>vias</strong></span> <span class='ocrx_word' id='word_1_149' title='bbox 440 2743 548 2802; x_wconf 90' lang='lat' dir='ltr'><strong>oculos</strong></span> <span class='ocrx_word' id='word_1_150' title='bbox 562 2741 706 2802; x_wconf 86' lang='lat' dir='ltr'><strong>frustrata</strong></span> <span class='ocrx_word' id='word_1_151' title='bbox 720 2739 886 2816; x_wconf 89' lang='lat' dir='ltr'><strong>sequentis.</strong></span> 
     </span>
     <span class='ocr_line' id='line_1_24' title="bbox 165 2825 912 2902; baseline -0.003 -18"><span class='ocrx_word' id='word_1_152' title='bbox 165 2825 291 2886; x_wconf 83' lang='lat' dir='ltr'><strong>clausus</strong></span> <span class='ocrx_word' id='word_1_153' title='bbox 307 2832 371 2885; x_wconf 88' lang='lat' dir='ltr'><strong>rete</strong></span> <span class='ocrx_word' id='word_1_154' title='bbox 385 2826 490 2902; x_wconf 75' lang='lat' dir='ltr'><strong>lupuS,</strong></span> <span class='ocrx_word' id='word_1_155' title='bbox 507 2825 646 2901; x_wconf 86' lang='lat' dir='ltr'><strong>quamvis</strong></span> <span class='ocrx_word' id='word_1_156' title='bbox 663 2826 773 2885; x_wconf 92' lang='lat' dir='ltr'><strong>inmitis</strong></span> <span class='ocrx_word' id='word_1_157' title='bbox 790 2830 819 2884; x_wconf 91' lang='lat' dir='ltr'><strong>et</strong></span> <span class='ocrx_word' id='word_1_158' title='bbox 833 2839 912 2898; x_wconf 85' lang='lat' dir='ltr'><strong>acer,</strong></span> 
     </span>
     <span class='ocr_line' id='line_1_25' title="bbox 163 2909 795 2971; baseline -0.003 -1"><span class='ocrx_word' id='word_1_159' title='bbox 163 2909 290 2970; x_wconf 88' lang='lat' dir='ltr'><strong>Dimotis</strong></span> <span class='ocrx_word' id='word_1_160' title='bbox 305 2909 405 2970; x_wconf 88' lang='lat' dir='ltr'><strong>canda</strong></span> <span class='ocrx_word' id='word_1_161' title='bbox 420 2909 592 2971; x_wconf 91' lang='lat' dir='ltr'><strong>submissus</strong></span> <span class='ocrx_word' id='word_1_162' title='bbox 608 2909 680 2970; x_wconf 86' lang='lat' dir='ltr'><strong>sidit</strong></span> <span class='ocrx_word' id='word_1_163' title='bbox 694 2909 795 2969; x_wconf 88' lang='lat' dir='ltr'><strong>arenis</strong></span> 
     </span>
     <span class='ocr_line' id='line_1_26' title="bbox 112 2993 810 3059; baseline -0.01 0"><span class='ocrx_word' id='word_1_164' title='bbox 112 3006 147 3059; x_wconf 72' lang='lat'><strong>25</strong></span> <span class='ocrx_word' id='word_1_165' title='bbox 671 2993 702 3054; x_wconf 89' lang='lat' dir='ltr'><strong>in</strong></span> <span class='ocrx_word' id='word_1_166' title='bbox 718 3009 810 3053; x_wconf 88' lang='lat' dir='ltr'><strong>auras</strong></span> 
     </span>
     <span class='ocr_line' id='line_1_27' title="bbox 162 3076 853 3154; baseline -0.003 -17"><span class='ocrx_word' id='word_1_167' title='bbox 162 3077 279 3140; x_wconf 84' lang='lat' dir='ltr'><strong>Emicat</strong></span> <span class='ocrx_word' id='word_1_168' title='bbox 293 3079 490 3154; x_wconf 87' lang='lat' dir='ltr'><strong>atque-dolos</strong></span> <span class='ocrx_word' id='word_1_169' title='bbox 505 3079 584 3140; x_wconf 87' lang='lat' dir='ltr'><strong>saltu</strong></span> <span class='ocrx_word' id='word_1_170' title='bbox 600 3077 716 3139; x_wconf 88' lang='lat' dir='ltr'><strong>deludit</strong></span> <span class='ocrx_word' id='word_1_171' title='bbox 730 3076 853 3136; x_wconf 86' lang='lat' dir='ltr'><strong>inultus.</strong></span> 
     </span>
     <span class='ocr_line' id='line_1_28' title="bbox 162 3159 889 3239; baseline -0.006 -18"><span class='ocrx_word' id='word_1_172' title='bbox 162 3163 199 3222; x_wconf 86' lang='lat' dir='ltr'><strong>Et</strong></span> <span class='ocrx_word' id='word_1_173' title='bbox 213 3179 338 3224; x_wconf 87' lang='lat' dir='ltr'><strong>murena</strong></span> <span class='ocrx_word' id='word_1_174' title='bbox 352 3165 456 3239; x_wconf 82' lang='lat' dir='ltr'><strong>ferox,</strong></span> <span class='ocrx_word' id='word_1_175' title='bbox 472 3164 575 3224; x_wconf 83' lang='lat' dir='ltr'><strong>teretis</strong></span> <span class='ocrx_word' id='word_1_176' title='bbox 591 3163 649 3223; x_wconf 89' lang='lat' dir='ltr'><strong>sibi</strong></span> <span class='ocrx_word' id='word_1_177' title='bbox 665 3161 791 3223; x_wconf 87' lang='lat' dir='ltr'><strong>conscia</strong></span> <span class='ocrx_word' id='word_1_178' title='bbox 804 3159 889 3234; x_wconf 84' lang='lat' dir='ltr'><strong>tergi,</strong></span> 
     </span>
     <span class='ocr_line' id='line_1_29' title="bbox 162 3244 873 3323; baseline -0.006 -17"><span class='ocrx_word' id='word_1_179' title='bbox 162 3247 212 3306; x_wconf 88' lang='lat' dir='ltr'><strong>Ad</strong></span> <span class='ocrx_word' id='word_1_180' title='bbox 226 3247 328 3308; x_wconf 84' lang='lat' dir='ltr'><strong>laxata</strong></span> <span class='ocrx_word' id='word_1_181' title='bbox 342 3247 440 3323; x_wconf 83' lang='lat' dir='ltr'><strong>magis</strong></span> <span class='ocrx_word' id='word_1_182' title='bbox 456 3253 621 3310; x_wconf 89' lang='lat' dir='ltr'><strong>connextat</strong></span> <span class='ocrx_word' id='word_1_183' title='bbox 636 3245 785 3308; x_wconf 83' lang='lat' dir='ltr'><strong>foramina</strong></span> <span class='ocrx_word' id='word_1_184' title='bbox 799 3244 873 3304; x_wconf 88' lang='lat' dir='ltr'><strong>retis</strong></span> 
     </span>
     <span class='ocr_line' id='line_1_30' title="bbox 161 3327 867 3410; baseline -0.004 -20"><span class='ocrx_word' id='word_1_185' title='bbox 161 3332 296 3393; x_wconf 87' lang='lat' dir='ltr'><strong>Tandem</strong></span> <span class='ocrx_word' id='word_1_186' title='bbox 311 3349 367 3410; x_wconf 86' lang='lat' dir='ltr'><strong>par</strong></span> <span class='ocrx_word' id='word_1_187' title='bbox 381 3332 492 3394; x_wconf 90' lang='lat' dir='ltr'><strong>mullos</strong></span> <span class='ocrx_word' id='word_1_188' title='bbox 508 3331 611 3392; x_wconf 87' lang='lat' dir='ltr'><strong>evadit</strong></span> <span class='ocrx_word' id='word_1_189' title='bbox 625 3330 742 3392; x_wconf 92' lang='lat' dir='ltr'><strong>lubrica</strong></span> <span class='ocrx_word' id='word_1_190' title='bbox 756 3327 867 3404; x_wconf 84' lang='lat' dir='ltr'><strong>flexus,</strong></span> 
     </span>
     <span class='ocr_line' id='line_1_31' title="bbox 106 3413 919 3493; baseline -0.011 -17"><span class='ocrx_word' id='word_1_191' title='bbox 106 3421 142 3476; x_wconf 76' lang='lat' dir='ltr'><strong>bo</strong></span> <span class='ocrx_word' id='word_1_192' title='bbox 155 3415 367 3493; x_wconf 85' lang='lat' dir='ltr'><strong>Exemploque</strong></span> <span class='ocrx_word' id='word_1_193' title='bbox 384 3432 500 3477; x_wconf 90' lang='lat' dir='ltr'><strong>nocens</strong></span> <span class='ocrx_word' id='word_1_194' title='bbox 516 3415 633 3476; x_wconf 89' lang='lat' dir='ltr'><strong>cunctis</strong></span> <span class='ocrx_word' id='word_1_195' title='bbox 648 3414 705 3474; x_wconf 85' lang='lat' dir='ltr'><strong>iter</strong></span> <span class='ocrx_word' id='word_1_196' title='bbox 719 3413 834 3474; x_wconf 91' lang='lat' dir='ltr'><strong>invenit</strong></span> <span class='ocrx_word' id='word_1_197' title='bbox 847 3427 919 3472; x_wconf 88' lang='lat' dir='ltr'><strong>una.</strong></span> 
     </span>
    </p>
   </div>
   <div class='ocr_carea' id='block_1_5' title="bbox 161 3496 881 3638">
    <p class='ocr_par' dir='ltr' id='par_1_5' title="bbox 161 3496 881 3638">
     <span class='ocr_line' id='line_1_32' title="bbox 161 3496 881 3638; baseline -0.006 -78"><span class='ocrx_word' id='word_1_198' title='bbox 161 3501 203 3561; x_wconf 85' lang='lat' dir='ltr'><strong>At</strong></span> <span class='ocrx_word' id='word_1_199' title='bbox 217 3508 322 3562; x_wconf 89' lang='lat' dir='ltr'><strong>contra</strong></span> <span class='ocrx_word' id='word_1_200' title='bbox 338 3502 477 3577; x_wconf 90' lang='lat' dir='ltr'><strong>scopulis</strong></span> <span class='ocrx_word' id='word_1_201' title='bbox 498 3500 602 3560; x_wconf 86' lang='lat' dir='ltr'><strong>crinali</strong></span> <span class='ocrx_word' id='word_1_202' title='bbox 619 3514 749 3574; x_wconf 86' lang='lat' dir='ltr'><strong>corpore</strong></span> <span class='ocrx_word' id='word_1_203' title='bbox 761 3496 881 3638; x_wconf 52' lang='grc' dir='ltr'>εθςῖἰέ*</span> 
     </span>
    </p>
   </div>
   <div class='ocr_carea' id='block_1_6' title="bbox 0 0 1250 3926">
    <p class='ocr_par' dir='ltr' id='par_1_6' title="bbox 0 0 1250 3926">
     <span class='ocr_line' id='line_1_33' title="bbox 0 0 1250 3926; baseline 0 0"><span class='ocrx_word' id='word_1_204' title='bbox 0 0 1250 3926; x_wconf 95' lang='lat' dir='ltr'><strong> </strong></span> 
     </span>
    </p>
   </div>
  </div>
 </body>
</html>
