2394 3940
197 193 257 258 lis
554 137 556 144 Α
585 190 644 252 EX
669 189 815 250 Poura

316 347 442 421 Nosque
457 361 553 420 negas
568 345 628 404 ulia
644 349 729 419 parte
743 342 842 402 inisse
856 350 940 404 ιιιοει

277 431 375 506 quue
390 430 430 491 sit
444 436 477 490 ui
491 445 606 502 verum,
630 426 754 490 meniiic
769 427 932 501 ignoscere
947 425 1057 492 debes.

227 525 264 580 20
317 515 364 574 Nii
379 513 474 575 demit
486 512 568 573 laudi
582 511 679 586 gioria
694 517 799 570 nostre
814 517 894 570 inae.

278 599 350 674 Quis
367 614 402 658 se
417 596 599 658 Caesaribus
615 602 707 656 notus
721 609 782 653 non
798 593 885 668 fingit
900 593 1051 656 amicum?

314 683 360 741 Da
373 681 494 740 veniam
511 680 607 740 iusso.
637 686 667 738 iu
683 677 755 739 mihi
771 677 885 738 Caesar
900 694 979 738 eras.

276 766 339 826 Nec
354 772 453 825 iumen
468 765 618 837 inrumpo,
641 779 701 836 quc
718 777 778 821 non
793 761 864 821 licei
878 762 933 821 ire.
963 763 1102 838 sausque
1115 770 1162 838 εει,

315 850 401 908 Atria
419 847 446 906 si
462 847 552 908 nubis
567 862 627 906 non
645 845 781 920 putuisse
798 860 905 919 negas.

225 943 261 996 25
276 934 375 1007 Uique
389 931 442 992 tibi
457 931 545 990 suerii
559 945 677 1006 mecum
691 929 764 988 nihil
779 929 920 1004 amplius
943 945 1004 988 una

315 1017 430 1090 Nempe
445 1015 595 1087 salutaris,
621 1029 711 1088 quam
726 1012 820 1086 prius,
842 1027 896 1071 ure
910 1012 1022 1072 minus

271 1101 333 1158 Nec
347 1107 417 1158 ιιιιιε
434 1105 482 1158 εει
497 1097 616 1171 genitor
631 1112 689 1156 nos
704 1096 856 1156 inficiuius
872 1097 999 1170 anricus,

315 1183 458 1241 Hortatur
472 1181 565 1241 siudii
581 1195 739 1254 causaque
753 1181 868 1254 sexque
882 1180 955 1240 mei:

272 1266 323 1326 Cui
339 1280 397 1324 nos
413 1271 443 1322 ει
454 1265 606 1338 lacrimae,
629 1279 805 1338 supremum
819 1264 850 1322 in
865 1265 973 1323 funere
988 1279 1111 1336 munus,

222 1359 260 1412 30
313 1349 351 1406 Ει
365 1347 507 1408 dedimus
522 1347 624 1407 medio
640 1348 754 1421 scripta
769 1347 909 1406 canenda
924 1348 1003 1407 iura.

269 1433 361 1491 Adde
377 1431 460 1505 quad
475 1439 522 1491 εει
537 1433 638 1503 irater,
661 1437 743 1491 tanto
762 1429 814 1489 iibi
831 1430 952 1490 iunctus
968 1447 1085 1504 amore,

312 1511 448 1589 Quantus
463 1515 492 1574 in
507 1515 623 1574 Atridis
637 1513 884 1590 Tyndaridisque
899 1513 970 1574 iniis

271 1601 301 1660 Is
316 1613 365 1658 me
380 1613 437 1660 nec
452 1600 592 1658 camitem
607 1613 663 1656 neu
679 1597 861 1672 dedignatus
879 1597 1009 1656 amicum
1027 1605 1091 1658 esi:

314 1682 347 1743 Si
364 1688 465 1742 tamen
481 1683 558 1742 haec
573 1682 692 1742 illinon
707 1682 845 1742 nocitura
859 1687 957 1754 puras.

222 1776 258 1830 35
273 1766 305 1827 Si
322 1767 430 1839 minus,
453 1766 512 1826 hac
528 1780 651 1841 quoque
665 1779 714 1824 me
728 1765 907 1824 mendacem
922 1772 1010 1839 perte
1025 1765 1159 1824 iaiehcr.

314 1849 423 1908 Clausa
438 1850 509 1909 mihi
525 1850 626 1925 potius
641 1855 705 1909 iota
719 1849 759 1908 sii
772 1849 830 1907 isia
845 1848 965 1908 domus.

272 1932 334 1993 Sed
349 1949 450 2007 neque
465 1929 636 1992 claudenda
651 1938 705 2004 εει,
728 1939 757 1991 ει
771 1931 853 1990 nulia
867 1933 1003 2006 potentia
1014 1933 1107 1996 ¹vires

312 2016 500 2087 praestandi,
523 2031 562 2074 ne
578 2016 652 2090 quid
667 2022 775 2090 peccet
789 2014 914 2087 auricus,
938 2015 1042 2075 habet.

271 2100 308 2157 Ει
321 2105 422 2157 tamen
441 2105 474 2157 ιιι
488 2113 632 2172 cuperem
648 2099 768 2174 cuipam
783 2113 908 2174 quoque
923 2114 1021 2174 posse
1036 2102 1159 2175 negari,

222 2193 259 2246 40
314 2180 365 2240 Sic
381 2181 499 2240 facinus
514 2196 603 2240 nemu
619 2184 717 2242 nescii
731 2183 843 2242 abesse
858 2181 940 2242 mihi.

274 2265 360 2338 Quod
375 2263 434 2324 nisi
450 2263 550 2325 delicti
565 2281 638 2340 pars
653 2265 839 2326 excusabilis
856 2273 948 2340 esset,

312 2349 411 2408 Parva
424 2350 553 2424 relegari
566 2364 669 2424 poena
683 2351 783 2411 iuturn
797 2351 861 2412 suit.

271 2433 343 2508 Ipse
357 2433 413 2492 sed
427 2432 487 2493 hcc
502 2433 586 2507 vidit,
607 2433 658 2508 qui
674 2435 813 2508 pervidet
829 2434 938 2508 omnia,
962 2433 1090 2508 Caesar,

313 2516 474 2578 Siuliiiiam
489 2518 548 2577 dici
564 2516 690 2578 crimina
705 2533 800 2593 posse
813 2533 895 2576 mea:

219 2607 254 2658 45
271 2601 397 2675 Quaque
411 2615 470 2674 ego
487 2599 618 2674 permisi,
642 2617 764 2676 quaque
779 2608 826 2660 εει
839 2616 889 2659 res
904 2615 1008 2674 passa,
1031 2601 1173 2676 peperci

311 2683 393 2741 Usus
409 2688 438 2741 ei
454 2690 501 2743 εει
514 2683 634 2742 modice
649 2684 782 2744 fulminis
798 2684 867 2758 igne
881 2684 938 2743 sui.

269 2765 332 2824 Nec
345 2764 447 2840 vitam,
469 2781 527 2825 nec
542 2781 629 2841 opes,
652 2783 708 2828 nec
722 2768 835 2830 ademii
851 2781 945 2842 posse
959 2767 1088 2842 reverti,

311 2846 344 2907 Si
359 2865 417 2912 sua
431 2866 487 2924 per
499 2857 619 2910 vestras
634 2852 715 2912 vicia
728 2851 768 2911 sii
781 2853 826 2910 ira
841 2865 960 2926 preces.

269 2932 310 2992 Αι
323 2935 456 3006 graviter
470 2935 578 2994 cecidi.
612 2934 689 3007 Quid
705 2936 784 2996 enim
799 2935 944 3009 mirabile,
965 2934 993 2994 si
1009 2935 1083 3008 quis

219 3023 254 3076 50
308 3017 337 3076 A
350 3017 425 3078 Iove
439 3035 608 3094 percussus
624 3035 685 3081 non
700 3021 768 3080 leve
784 3021 896 3080 vuinus
915 3017 1028 3078 habete

268 3099 339 3173 lpse
356 3118 428 3162 suas
444 3103 534 3162 eiiam
551 3102 631 3161 vires
647 3102 795 3162 inhiberet
808 3103 954 3174 Achilles,

309 3183 405 3244 Missa
418 3187 521 3260 gravis
536 3187 614 3245 icius
629 3186 727 3246 Pelias
742 3187 831 3246 hasta
845 3186 946 3246 dabat.

267 3264 414 3328 Iudicium
430 3270 519 3330 nobis
534 3269 625 3342 igitur
639 3285 707 3331 cum
724 3267 853 3330 vindicis
868 3268 957 3340 adsit,

307 3349 373 3412 Non
388 3359 435 3412 εει
449 3369 504 3414 cur
516 3361 568 3412 tua
583 3367 631 3412 me
645 3353 735 3413 ianua
750 3368 844 3414 nosse
860 3356 958 3426 aegei.

215 3440 251 3492 55
266 3431 351 3494 Culta
366 3436 496 3512 quidem,
518 3439 623 3508 iaiecr,
647 3437 729 3509 citra,
754 3453 846 3512 quam
861 3434 974 3508 debuit,
996 3433 1053 3495 ilia
1067 3448 1148 3500 est.
