2450 3932
206 229 248 295 18
605 227 829 290 TRISTlUM

245 392 281 447 50
335 382 493 458 Linguaue
507 388 647 442 servatae
661 395 802 456 pennave
817 379 894 442 dixit
907 381 989 441 evisa

295 466 464 542 Augurium
478 468 554 528 ratio
569 471 617 526 est
631 471 662 524 et
676 464 854 527 coniectura
867 465 972 526 futuri:

334 551 401 612 Hac
417 551 550 610 divinavi
564 548 763 623 notitiamque
777 549 840 608 tuli.

296 635 378 708 Quae
394 635 537 710 quoniam
550 639 692 703 nemost,
707 638 770 692 tota
785 632 837 692 tibi
851 639 951 692 mente
962 632 1104 710 mihique

338 719 487 792 Gratulor,
501 718 655 794 ingenium
672 731 733 777 non
749 715 875 777 latuisse
889 721 983 775 tuum.

244 811 278 864 55
293 803 334 862 At
346 809 484 864 nostrum
498 801 630 862 tenebris
645 799 760 860 utinam
771 799 913 868 ,latuisset
925 799 956 859 in
970 799 1055 860 imist

332 885 477 962 Expediit
490 885 590 946 studio
605 887 705 944 lumen
722 884 833 943 abesse
847 897 927 943 meo.

291 971 392 1045 thue
407 969 465 1041 tibi
476 975 607 1044 prosunt
620 973 710 1043 artes,
727 967 869 1035 iucunde,
885 981 1022 1042 severae,

332 1052 503 1114 Dissimiles
518 1053 577 1113 illis
592 1051 638 1112 sic
652 1066 785 1113 nocuere
799 1049 882 1110 milri.

292 1137 364 1196 Vita
376 1142 477 1196 tamen
491 1135 544 1197 tibi
559 1142 630 1197 nota
644 1151 713 1196 mea
727 1140 783 1194 est.
810 1135 873 1194 scis
888 1133 1002 1194 artibus
1018 1135 1078 1195 illis

244 1229 279 1284 60
335 1218 477 1281 Auctoris
493 1236 596 1282 mores
611 1220 798 1280 abstinuisse
813 1218 877 1278 sui=

293 1302 360 1364 Scis
374 1309 463 1364 vetus
478 1305 538 1366 hoc
552 1304 655 1364 iuveni
669 1305 768 1363 lusum
783 1301 855 1362 mihi
871 1317 1001 1373 oamren,
1018 1301 1160 1379 elisios,

334 1387 373 1448 Ul
388 1403 448 1448 non
463 1388 645 1462 laudandos,
662 1387 706 1446 sic
721 1393 820 1446 tamen
836 1401 907 1446 csse
922 1386 1019 1447 iocos.

289 1470 371 1546 Ergo
389 1475 422 1531 ul
435 1471 558 1531 delendi
572 1471 656 1531 nullo
669 1485 738 1530 mon
752 1485 849 1546 posse
863 1471 977 1544 colore,

334 1554 385 1616 Sic
400 1555 541 1615 excusari
558 1555 682 1615 crimino
697 1569 792 1629 posse
807 1562 891 1629 pulo.

244 1645 275 1702 55
291 1637 355 1712 Qua
370 1645 469 1714 potes,
485 1653 610 1712 excusa,
623 1654 680 1698 neo
696 1638 784 1699 antici
800 1638 911 1698 desere
925 1642 1064 1696 eausam!
1220 1689 1221 1716 p

332 1722 397 1797 Quo
413 1723 491 1782 bene
507 1722 646 1799 coepisti,
662 1721 707 1782 sic
724 1722 805 1798 pede
821 1736 944 1796 semper
958 1735 1022 1780 eus.

206 1849 271 1947 ¹0·
291 1851 354 1950 Est
367 1889 438 1950 mihi
453 1891 565 1966 sitque,
580 1907 700 1967 precor,
715 1889 815 1950 ilan'ee
830 1891 923 1950 tutela
936 1889 1102 1966 Minervae,

332 1973 436 2047 Navis,
452 1980 483 2033 et
497 1991 515 2033 n
530 1975 612 2049 picta
626 1975 749 2034 casside
763 1988 874 2034 nomen
889 1973 990 2034 habet.

290 2054 362 2116 Sive
377 2072 457 2132 opus
472 2064 521 2117 est
534 2057 622 2131 velis,
637 2058 789 2118 minimam
805 2059 884 2118 bene
899 2058 992 2118 currit
1005 2058 1045 2118 ad
1060 2074 1197 2124 auram.

330 2137 402 2199 Sive
417 2156 498 2215 opus
514 2147 563 2202 est
575 2157 670 2214 remo,
686 2143 800 2217 remige
815 2142 913 2217 carpit
926 2141 991 2202 iter.
1219 2193 1220 2212 ἶ

252 2232 268 2283 o
282 2222 345 2283 Nec
360 2225 486 2285 comites
500 2226 618 2286 volucri
632 2232 776 2287 contenta
789 2231 837 2286 est
849 2226 973 2285 uincere
989 2241 1092 2302 cursu,
1219 2239 1220 2254 ¹

323 2305 462 2384 Occupat
476 2323 620 2384 egressus
637 2309 802 2386 quamlibet
815 2315 885 2370 unte
900 2318 991 2384 rates,

284 2390 322 2452 Et
334 2392 448 2466 patitur
461 2391 575 2455 fluctus
590 2395 709 2470 fertque
725 2393 892 2454 assilientia
906 2393 997 2468 longe

326 2477 482 2552 Aequora,
498 2493 555 2539 nec
570 2479 674 2539 saetis
691 2477 751 2538 icta
766 2475 879 2537 laliscit
894 2475 994 2553 aquis.

284 2561 348 2634 Illa,
364 2561 564 2622 Corinthiacis
579 2562 711 2637 primum
725 2561 797 2620 mihi
814 2561 934 2636 cognita
950 2560 1131 2639 CenchrciS,

238 2654 271 2706 10
325 2643 402 2704 Fida
416 2651 519 2705 nranet
533 2645 671 2719 trepidae
686 2645 813 2721 duxque
828 2660 995 2722 comesque
1009 2647 1113 2722 fugae,
1218 2711 1219 2724 χ

267 2728 404 2801 ,Perque
418 2733 462 2788 tot
476 2735 604 2790 eventus
619 2736 649 2790 et
662 2729 775 2807 iniquis
791 2728 910 2790 concita
924 2731 1024 2791 ventis
1218 2727 1219 2736 ’

324 2813 471 2886 Aequora
483 2811 620 2874 Palladio
635 2814 758 2875 numine
772 2819 837 2875 tuta
850 2814 914 2873 luit.

284 2896 370 2955 Nunc
385 2912 510 2972 quoque
524 2904 597 2970 tuta,
612 2914 733 2974 precor,
748 2896 827 2959 vesti
842 2903 928 2958 secet
942 2897 1021 2959 ostia
1034 2899 1140 2963 Ponti.

324 2979 469 3056 Quasque
483 2983 564 3057 petit,
582 2983 675 3044 Getici
691 2983 788 3043 litoris
802 2982 892 3043 intret
905 2998 1014 3056 aquas.

238 3071 267 3124 15
284 3061 368 3137 Quae
383 3064 472 3126 simul
486 3067 615 3126 Aeoliae
629 3083 713 3127 mare
728 3083 777 3126 me
791 3065 918 3127 deduxit
932 3066 962 3125 in
977 3065 1094 3141 Helles,

321 3147 359 3208 Et
371 3148 496 3224 longum
510 3151 593 3210 tenui
607 3151 700 3211 limite
715 3151 788 3212 iecit
801 3150 866 3226 iter,

280 3230 435 3293 Fleximus
450 3234 480 3293 in
498 3235 619 3295 laevum
635 3249 756 3308 cursus,
771 3239 802 3294 et
815 3235 854 3294 ab
868 3234 991 3296 Actoris
1006 3233 1085 3296 urbe

322 3315 472 3378 Venimus
487 3318 526 3378 ad
542 3323 660 3393 portus,
674 3317 786 3380 Imbria
800 3325 889 3394 terra,
905 3326 985 3381 tuos.

281 3398 364 3473 lude,
380 3401 439 3462 len·
454 3406 546 3462 vento
561 3400 727 3479 Zerynthia
744 3401 833 3463 litora
847 3409 946 3479 nacta,

225 3493 262 3546 ‘lo
317 3483 486 3545 Threiciam
501 3485 596 3560 tetigit
610 3487 695 3546 iesse
711 3487 814 3548 carina
830 3487 953 3548 Samon.
