2394 3940
398 165 435 241 V,
460 162 510 242 13,
535 164 670 243 10-14,
693 170 744 234 46.

132 318 281 396 Perpetui
297 319 428 380 iructum
443 320 556 380 donavi
574 323 715 385 nominis.
738 323 841 402 idque,

176 405 244 480 Quo
261 404 335 464 dare
352 403 392 464 nii
408 403 491 481 potui
506 420 631 466 munere
645 408 753 484 mains,
775 411 882 472 habes.
956 475 960 484 ,

88 501 124 556 15
136 491 233 552 Adde
250 489 343 564 quod,
366 499 397 549 ut
410 506 512 550 rerum
527 493 639 553 sollers
655 495 747 554 tutela
761 512 896 558 mearum

174 576 227 635 Ad
244 583 281 646 te,
306 589 366 633 non
383 574 470 651 parvi
484 577 568 636 venit
582 578 710 638 honoris
725 595 813 653 onus,

133 659 228 736 Quod
244 675 409 733 numquam
426 675 488 721 uox
502 669 551 722 est
565 662 604 722 de
621 671 650 723 tc
665 679 734 723 mea
747 671 839 740 muta,
864 667 966 742 tuique

176 743 304 805 Iudiciis
320 743 416 805 debes
432 758 502 805 esse
516 746 653 817 superba
668 747 733 806 viri.

135 828 278 906 Quaene
295 830 363 904 quis
379 830 480 905 possit
494 831 654 890 temeraria
669 831 781 907 dicere,
805 840 918 910 persta,

89 925 127 982 πο
181 915 221 973 Et
235 913 349 989 pariter
363 929 453 974 serva
468 930 579 991 meque
594 915 740 991 piamque
754 916 857 976 iidem.
883 977 887 992 ,

132 998 213 1062 Nam
228 1007 289 1068 tua,
314 998 386 1060 dum
401 998 550 1072 stetimus,
575 1000 651 1075 turpi
669 1000 736 1060 sine
751 1000 875 1062 crimine
890 1003 1010 1077 mansit,

173 1084 214 1143 Et
229 1092 344 1143 tantum
360 1083 497 1162 probitas
514 1084 733 1161 inreprehensa
747 1086 812 1146 iuit.

133 1169 220 1229 Area
235 1169 274 1226 de
289 1174 393 1227 nostra
408 1184 489 1228 nuuc
504 1164 618 1229 esttibi
635 1171 714 1230 iacta
728 1170 830 1230 ruinae

178 1252 385 1327 conspicuum
401 1253 498 1313 virtus
515 1253 563 1312 hie
579 1262 629 1314 tua
645 1261 740 1329 ponat
754 1260 850 1330 opus!

88 1349 124 1402 25
135 1336 338 1398 Essebonam
349 1337 436 1397 tacite
448 1345 504 1411 est,
515 1338 567 1399 ubi
577 1340 659 1412 quod
673 1345 753 1399 vetet
765 1355 845 1410 esse,
858 1346 1004 1401 remotum
1018 1345 1074 1416 eet,

175 1421 215 1480 Et
229 1421 302 1480 nihii
316 1421 419 1482 ot'iicio
435 1423 530 1498 nupta
544 1423 627 1497 quod
643 1423 743 1484 obstet
757 1422 857 1483 habet.

134 1505 213 1568 cum
228 1507 305 1566 deus
321 1505 458 1579 intonuit,
482 1523 542 1566 non
559 1524 593 1567 se
609 1508 783 1568 subducere
797 1505 911 1583 nimbo,

176 1590 213 1650 ld
230 1590 351 1650 demum
370 1591 478 1667 pietas,
503 1591 533 1651 id
551 1591 677 1652 sociatis
694 1608 788 1653 umor.

132 1675 219 1736 Rara
234 1674 356 1750 quidem
373 1674 477 1746 virtus,
501 1692 590 1751 quam
607 1693 666 1736 non
682 1677 815 1737 Fortuna
829 1674 985 1751 gubernet,

87 1771 127 1826 ao
183 1759 268 1834 Quae
282 1766 404 1819 maneat
417 1759 517 1820 stabili
533 1775 601 1820 cum
618 1761 694 1836 rugit
708 1759 758 1819 iiia
773 1760 864 1836 pede.

133 1843 233 1918 Siqua
248 1851 349 1904 tamen
365 1844 452 1919 pretii
467 1844 525 1904 sibi
541 1860 660 1905 merces
675 1845 744 1920 ipsa
760 1843 854 1919 petiti,

176 1929 274 2004 inque
290 1945 396 2004 parum
413 1929 500 1989 laetis
515 1929 612 2010 ardua
626 1928 719 1990 rcbus
734 1929 833 2002 adest,
898 1981 901 1990 .

132 2012 175 2075 tn
189 2020 310 2088 tempus
325 2029 476 2084 numeres,
500 2030 556 2090 per
571 2013 695 2074 saecula
711 2013 793 2074 nuiia
807 2017 931 2085 tacetur,

177 2097 217 2156 Et
230 2099 298 2158 ioca
312 2097 457 2157 mirantur
472 2115 532 2174 qua
547 2102 629 2175 patet
642 2097 725 2159 orbis
740 2098 805 2158 iter.

90 2191 126 2245 ³5
135 2181 274 2256 Aspicis,
296 2188 330 2241 ot
344 2183 436 2257 longo
450 2190 552 2244 teneat
570 2183 731 2243 laudabilis
748 2198 825 2243 aevo

177 2266 294 2326 Nomen
311 2266 506 2326 inextinctum
522 2266 695 2343 Penelopea
709 2268 809 2326 iidest

136 2351 253 2420 Cernis,
275 2357 308 2410 ut
321 2351 443 2410 Admeti
459 2360 596 2411 cantetur
609 2359 641 2411 et
655 2349 795 2410 Hectoris
809 2365 898 2421 uxor,

179 2437 328 2510 Ansaque
344 2435 373 2494 in
390 2451 541 2496 accensos
559 2435 661 2510 iplrias
677 2434 720 2493 ire
735 2439 851 2506 rogos?

136 2517 176 2580 Ut
189 2519 274 2578 vivat
289 2520 369 2578 iama
384 2521 515 2579 coniunx
533 2519 706 2597 Phylaceia,
730 2517 818 2576 cuius

91 2611 128 2669 to
182 2601 305 2663 iliacam
321 2605 411 2664 ceteri
430 2604 477 2662 vir
491 2605 570 2679 pede
585 2602 700 2678 pressit
713 2601 859 2660 humum?

134 2687 235 2748 Morte
250 2687 320 2747 nihii
338 2705 418 2765 opus
434 2697 481 2748 est
495 2705 552 2764 pro
568 2704 625 2761 me,
649 2687 703 2747 sed
720 2698 825 2746 amore
839 2681 978 2758 fideque=

177 2772 245 2832 Non
262 2789 299 2831 ex
314 2773 526 2833 dii'iicitiiama
543 2772 674 2848 petenda
689 2771 741 2831 tibi
757 2775 813 2828 est.

133 2856 198 2916 Nee
216 2866 244 2916 te
259 2856 437 2926 credideris,
466 2859 610 2928 quianon
629 2856 713 2928 iacis,
736 2856 794 2915 ista
809 2851 936 2922 moneri,

177 2941 256 3000 Veia
273 2941 391 3009 damna,
415 2943 554 3016 quamvis
570 2941 683 3008 remige
699 2937 810 3015 puppis
826 2943 884 2996 eat.

89 3035 124 3086 45
138 3022 196 3100 Qui
213 3034 323 3097 monet,
347 3026 498 3094 atracias,
522 3027 604 3102 quod
623 3026 681 3083 iam
698 3024 784 3098 iaciS,
806 3021 856 3082 iiie
870 3018 1025 3082 monendo

99 3161 102 3166 .
179 3109 299 3171 Laudat
314 3119 345 3172 et
359 3110 479 3171 hortatu
494 3110 675 3188 comprobat
690 3114 758 3168 ncta
773 3121 838 3169 suo.
