<?xml version="1.0" encoding="UTF-8"?>
<!DOCTYPE html PUBLIC "-//W3C//DTD XHTML 1.0 Transitional//EN"
    "http://www.w3.org/TR/xhtml1/DTD/xhtml1-transitional.dtd">
<html xmlns="http://www.w3.org/1999/xhtml" xml:lang="en" lang="en">
 <head>
  <title>
</title>
<meta http-equiv="Content-Type" content="text/html;charset=utf-8" />
  <meta name='ocr-system' content='tesseract 3.04.00' />
  <meta name='ocr-capabilities' content='ocr_page ocr_carea ocr_par ocr_line ocrx_word'/>
</head>
<body>
  <div class='ocr_page' id='page_1' title='image "./povidiusnaso00goog_0197.png"; bbox 0 0 2372 3928; ppageno 0'>
   <div class='ocr_carea' id='block_1_1' title="bbox 179 212 797 286">
    <p class='ocr_par' dir='ltr' id='par_1_1' title="bbox 179 212 797 286">
     <span class='ocr_line' id='line_1_1' title="bbox 179 212 797 286; baseline -0.003 -10"><span class='ocrx_word' id='word_1_1' title='bbox 179 215 237 276; x_wconf 80' lang='grc'><strong>186</strong></span> <span class='ocrx_word' id='word_1_2' title='bbox 475 282 480 286; x_wconf 48' lang='grc'><strong>,</strong></span> <span class='ocrx_word' id='word_1_3' title='bbox 569 213 630 272; x_wconf 80' lang='lat' dir='ltr'><strong>EX</strong></span> <span class='ocrx_word' id='word_1_4' title='bbox 649 212 797 274; x_wconf 80' lang='grc' dir='ltr'><strong>ΡΟΝἹΟ</strong></span> 
     </span>
    </p>
   </div>
   <div class='ocr_carea' id='block_1_2' title="bbox 201 364 1181 3548">
    <p class='ocr_par' dir='ltr' id='par_1_2' title="bbox 201 364 1181 3548">
     <span class='ocr_line' id='line_1_2' title="bbox 260 364 1172 442; baseline 0 -14"><span class='ocrx_word' id='word_1_5' title='bbox 260 367 323 428; x_wconf 88' lang='lat' dir='ltr'><strong>Sed</strong></span> <span class='ocrx_word' id='word_1_6' title='bbox 338 365 406 442; x_wconf 88' lang='lat' dir='ltr'><strong>qui,</strong></span> <span class='ocrx_word' id='word_1_7' title='bbox 422 381 512 442; x_wconf 89' lang='lat' dir='ltr'><strong>quarn</strong></span> <span class='ocrx_word' id='word_1_8' title='bbox 529 364 635 442; x_wconf 78' lang='lat' dir='ltr'><strong>potnit,</strong></span> <span class='ocrx_word' id='word_1_9' title='bbox 652 366 705 426; x_wconf 92' lang='lat' dir='ltr'><strong>dat</strong></span> <span class='ocrx_word' id='word_1_10' title='bbox 718 365 859 440; x_wconf 67' lang='lat' dir='ltr'><strong>maxima</strong></span> <span class='ocrx_word' id='word_1_11' title='bbox 878 371 981 441; x_wconf 84' lang='lat' dir='ltr'><strong>gratus</strong></span> <span class='ocrx_word' id='word_1_12' title='bbox 996 366 1172 442; x_wconf 81' lang='lat' dir='ltr'><strong>abundaret</strong></span> 
     </span>
     <span class='ocr_line' id='line_1_3' title="bbox 301 449 876 525; baseline -0.005 -15"><span class='ocrx_word' id='word_1_13' title='bbox 301 451 339 511; x_wconf 84' lang='lat' dir='ltr'><strong>Et</strong></span> <span class='ocrx_word' id='word_1_14' title='bbox 351 451 442 512; x_wconf 85' lang='lat' dir='ltr'><strong>finem</strong></span> <span class='ocrx_word' id='word_1_15' title='bbox 458 451 556 525; x_wconf 81' lang='lat' dir='ltr'><strong>pietus</strong></span> <span class='ocrx_word' id='word_1_16' title='bbox 571 449 697 524; x_wconf 82' lang='lat' dir='ltr'><strong>conugit</strong></span> <span class='ocrx_word' id='word_1_17' title='bbox 711 449 762 508; x_wconf 90' lang='lat' dir='ltr'><strong>illa</strong></span> <span class='ocrx_word' id='word_1_18' title='bbox 776 465 876 510; x_wconf 90' lang='lat' dir='ltr'><strong>suum.</strong></span> 
     </span>
     <span class='ocr_line' id='line_1_4' title="bbox 260 533 1015 610; baseline -0.003 -15"><span class='ocrx_word' id='word_1_19' title='bbox 260 535 337 609; x_wconf 88' lang='lat' dir='ltr'><strong>Nec,</strong></span> <span class='ocrx_word' id='word_1_20' title='bbox 354 550 433 608; x_wconf 89' lang='lat' dir='ltr'><strong>quae</strong></span> <span class='ocrx_word' id='word_1_21' title='bbox 447 534 487 593; x_wconf 93' lang='lat' dir='ltr'><strong>de</strong></span> <span class='ocrx_word' id='word_1_22' title='bbox 502 549 599 610; x_wconf 89' lang='lat' dir='ltr'><strong>parva</strong></span> <span class='ocrx_word' id='word_1_23' title='bbox 619 547 737 610; x_wconf 83' lang='lat' dir='ltr'>pauper</span> <span class='ocrx_word' id='word_1_24' title='bbox 752 533 799 592; x_wconf 92' lang='lat' dir='ltr'><strong>dis</strong></span> <span class='ocrx_word' id='word_1_25' title='bbox 814 533 889 593; x_wconf 90' lang='lat' dir='ltr'><strong>libat</strong></span> <span class='ocrx_word' id='word_1_26' title='bbox 902 549 1015 606; x_wconf 90' lang='lat' dir='ltr'><strong>acerra,</strong></span> 
     </span>
     <span class='ocr_line' id='line_1_5' title="bbox 210 617 1071 692; baseline -0.007 -10"><span class='ocrx_word' id='word_1_27' title='bbox 210 628 245 682; x_wconf 77' lang='lat' dir='ltr'><strong>lu</strong></span> <span class='ocrx_word' id='word_1_28' title='bbox 298 620 378 679; x_wconf 86' lang='lat' dir='ltr'><strong>Tura</strong></span> <span class='ocrx_word' id='word_1_29' title='bbox 392 617 506 692; x_wconf 88' lang='lat' dir='ltr'><strong>minus,</strong></span> <span class='ocrx_word' id='word_1_30' title='bbox 522 617 631 692; x_wconf 83' lang='lat' dir='ltr'><strong>grandi</strong></span> <span class='ocrx_word' id='word_1_31' title='bbox 647 633 739 692; x_wconf 90' lang='lat' dir='ltr'><strong>quam</strong></span> <span class='ocrx_word' id='word_1_32' title='bbox 753 618 825 677; x_wconf 87' lang='lat' dir='ltr'><strong>data</strong></span> <span class='ocrx_word' id='word_1_33' title='bbox 840 618 942 689; x_wconf 86' lang='lat' dir='ltr'><strong>lance,</strong></span> <span class='ocrx_word' id='word_1_34' title='bbox 958 617 1071 678; x_wconf 87' lang='lat' dir='ltr'><strong>valent.</strong></span> 
     </span>
     <span class='ocr_line' id='line_1_6' title="bbox 257 701 1128 778; baseline 0 -16"><span class='ocrx_word' id='word_1_35' title='bbox 257 705 409 778; x_wconf 77' lang='lat' dir='ltr'><strong>Agnaque</strong></span> <span class='ocrx_word' id='word_1_36' title='bbox 427 710 487 762; x_wconf 86' lang='lat' dir='ltr'><strong>tarn</strong></span> <span class='ocrx_word' id='word_1_37' title='bbox 504 702 635 774; x_wconf 89' lang='lat' dir='ltr'><strong>lactens,</strong></span> <span class='ocrx_word' id='word_1_38' title='bbox 652 717 743 776; x_wconf 91' lang='lat' dir='ltr'><strong>quam</strong></span> <span class='ocrx_word' id='word_1_39' title='bbox 757 701 895 776; x_wconf 59' lang='lat' dir='ltr'><strong>momine</strong></span> <span class='ocrx_word' id='word_1_40' title='bbox 909 709 998 776; x_wconf 87' lang='lat' dir='ltr'><strong>pasta</strong></span> <span class='ocrx_word' id='word_1_41' title='bbox 1011 701 1128 762; x_wconf 85' lang='lat' dir='ltr'><strong>Falisco</strong></span> 
     </span>
     <span class='ocr_line' id='line_1_7' title="bbox 298 784 887 861; baseline -0.008 -13"><span class='ocrx_word' id='word_1_42' title='bbox 298 787 429 848; x_wconf 85' lang='lat' dir='ltr'><strong>Victima</strong></span> <span class='ocrx_word' id='word_1_43' title='bbox 442 787 591 861; x_wconf 87' lang='lat' dir='ltr'><strong>Tarpeios</strong></span> <span class='ocrx_word' id='word_1_44' title='bbox 606 784 700 845; x_wconf 82' lang='lat' dir='ltr'><strong>inlicit</strong></span> <span class='ocrx_word' id='word_1_45' title='bbox 716 784 775 844; x_wconf 87' lang='lat' dir='ltr'><strong>icta</strong></span> <span class='ocrx_word' id='word_1_46' title='bbox 789 785 887 845; x_wconf 86' lang='lat' dir='ltr'><strong>iocos.</strong></span> 
     </span>
     <span class='ocr_line' id='line_1_8' title="bbox 257 868 995 944; baseline -0.001 -15"><span class='ocrx_word' id='word_1_47' title='bbox 257 870 320 931; x_wconf 87' lang='lat' dir='ltr'><strong>Nec</strong></span> <span class='ocrx_word' id='word_1_48' title='bbox 339 878 439 931; x_wconf 88' lang='lat' dir='ltr'><strong>tamen</strong></span> <span class='ocrx_word' id='word_1_49' title='bbox 455 870 558 930; x_wconf 81' lang='lat' dir='ltr'><strong>officio</strong></span> <span class='ocrx_word' id='word_1_50' title='bbox 579 876 680 929; x_wconf 83' lang='lat' dir='ltr'><strong>vatum</strong></span> <span class='ocrx_word' id='word_1_51' title='bbox 694 883 750 944; x_wconf 89' lang='lat' dir='ltr'><strong>par</strong></span> <span class='ocrx_word' id='word_1_52' title='bbox 765 868 901 928; x_wconf 88' lang='lat' dir='ltr'><strong>carmina</strong></span> <span class='ocrx_word' id='word_1_53' title='bbox 916 869 995 930; x_wconf 88' lang='lat' dir='ltr'><strong>lacto</strong></span> 
     </span>
     <span class='ocr_line' id='line_1_9' title="bbox 296 951 919 1029; baseline -0.006 -15"><span class='ocrx_word' id='word_1_54' title='bbox 296 953 486 1029; x_wconf 83' lang='lat' dir='ltr'><strong>Principibus</strong></span> <span class='ocrx_word' id='word_1_55' title='bbox 502 969 552 1014; x_wconf 88' lang='lat' dir='ltr'><strong>res</strong></span> <span class='ocrx_word' id='word_1_56' title='bbox 567 962 614 1014; x_wconf 90' lang='lat' dir='ltr'><strong>est</strong></span> <span class='ocrx_word' id='word_1_57' title='bbox 630 951 744 1028; x_wconf 77' lang='lat' dir='ltr'><strong>gratior</strong></span> <span class='ocrx_word' id='word_1_58' title='bbox 757 953 819 1013; x_wconf 94' lang='lat' dir='ltr'><strong>ulla</strong></span> <span class='ocrx_word' id='word_1_59' title='bbox 834 952 919 1013; x_wconf 90' lang='lat' dir='ltr'><strong>viris.</strong></span> 
     </span>
     <span class='ocr_line' id='line_1_10' title="bbox 211 1035 1077 1112; baseline 0.001 -16"><span class='ocrx_word' id='word_1_60' title='bbox 211 1042 245 1097; x_wconf 76' lang='lat'><strong>45</strong></span> <span class='ocrx_word' id='word_1_61' title='bbox 261 1038 399 1099; x_wconf 86' lang='lat' dir='ltr'><strong>Carmina</strong></span> <span class='ocrx_word' id='word_1_62' title='bbox 414 1043 585 1098; x_wconf 87' lang='lat' dir='ltr'><strong>vestrarum</strong></span> <span class='ocrx_word' id='word_1_63' title='bbox 602 1043 749 1112; x_wconf 83' lang='lat' dir='ltr'><strong>peragunt</strong></span> <span class='ocrx_word' id='word_1_64' title='bbox 763 1035 930 1112; x_wconf 91' lang='lat' dir='ltr'><strong>praeconia</strong></span> <span class='ocrx_word' id='word_1_65' title='bbox 944 1037 1077 1111; x_wconf 90' lang='lat' dir='ltr'><strong>laudum,</strong></span> 
     </span>
     <span class='ocr_line' id='line_1_11' title="bbox 297 1121 969 1193; baseline -0.003 -13"><span class='ocrx_word' id='word_1_66' title='bbox 297 1122 382 1182; x_wconf 85' lang='lat' dir='ltr'><strong>Neve</strong></span> <span class='ocrx_word' id='word_1_67' title='bbox 395 1121 435 1182; x_wconf 88' lang='lat' dir='ltr'><strong>sit</strong></span> <span class='ocrx_word' id='word_1_68' title='bbox 453 1129 589 1182; x_wconf 88' lang='lat' dir='ltr'><strong>actorum</strong></span> <span class='ocrx_word' id='word_1_69' title='bbox 605 1122 686 1179; x_wconf 89' lang='lat' dir='ltr'><strong>lama</strong></span> <span class='ocrx_word' id='word_1_70' title='bbox 700 1121 833 1193; x_wconf 86' lang='lat' dir='ltr'><strong>caduca,</strong></span> <span class='ocrx_word' id='word_1_71' title='bbox 849 1127 969 1181; x_wconf 88' lang='lat' dir='ltr'><strong>cavent.</strong></span> 
     </span>
     <span class='ocr_line' id='line_1_12' title="bbox 261 1204 1044 1280; baseline -0.004 -15"><span class='ocrx_word' id='word_1_72' title='bbox 261 1205 397 1265; x_wconf 80' lang='lat' dir='ltr'><strong>Carmine</strong></span> <span class='ocrx_word' id='word_1_73' title='bbox 411 1205 446 1264; x_wconf 88' lang='lat' dir='ltr'><strong>fit</strong></span> <span class='ocrx_word' id='word_1_74' title='bbox 459 1205 552 1265; x_wconf 86' lang='lat' dir='ltr'><strong>vivax</strong></span> <span class='ocrx_word' id='word_1_75' title='bbox 568 1204 679 1276; x_wconf 76' lang='lat' dir='ltr'><strong>virtuS,</strong></span> <span class='ocrx_word' id='word_1_76' title='bbox 696 1218 872 1280; x_wconf 81' lang='lat' dir='ltr'><strong>expersque</strong></span> <span class='ocrx_word' id='word_1_77' title='bbox 886 1204 1044 1279; x_wconf 85' lang='lat' dir='ltr'><strong>sepulchri</strong></span> 
     </span>
     <span class='ocr_line' id='line_1_13' title="bbox 298 1286 862 1363; baseline -0.005 -15"><span class='ocrx_word' id='word_1_78' title='bbox 298 1288 440 1349; x_wconf 78' lang='lat' dir='ltr'><strong>Notitiam</strong></span> <span class='ocrx_word' id='word_1_79' title='bbox 455 1303 544 1348; x_wconf 87' lang='lat' dir='ltr'><strong>serae</strong></span> <span class='ocrx_word' id='word_1_80' title='bbox 560 1288 746 1363; x_wconf 87' lang='lat' dir='ltr'><strong>posteritatis</strong></span> <span class='ocrx_word' id='word_1_81' title='bbox 761 1286 862 1348; x_wconf 86' lang='lat' dir='ltr'><strong>habet.</strong></span> 
     </span>
     <span class='ocr_line' id='line_1_14' title="bbox 257 1371 1036 1447; baseline 0.001 -16"><span class='ocrx_word' id='word_1_82' title='bbox 257 1371 372 1432; x_wconf 87' lang='lat' dir='ltr'><strong>Tabida</strong></span> <span class='ocrx_word' id='word_1_83' title='bbox 388 1371 538 1434; x_wconf 85' lang='lat' dir='ltr'><strong>consumit</strong></span> <span class='ocrx_word' id='word_1_84' title='bbox 552 1373 663 1432; x_wconf 89' lang='lat' dir='ltr'><strong>ierrum</strong></span> <span class='ocrx_word' id='word_1_85' title='bbox 678 1371 873 1447; x_wconf 82' lang='lat' dir='ltr'><strong>lapidemque</strong></span> <span class='ocrx_word' id='word_1_86' title='bbox 887 1377 1036 1444; x_wconf 86' lang='lat' dir='ltr'><strong>vetustas,</strong></span> 
     </span>
     <span class='ocr_line' id='line_1_15' title="bbox 208 1454 1126 1532; baseline 0 -16"><span class='ocrx_word' id='word_1_87' title='bbox 208 1457 244 1510; x_wconf 83' lang='lat'><strong>50</strong></span> <span class='ocrx_word' id='word_1_88' title='bbox 297 1456 446 1532; x_wconf 79' lang='lat' dir='ltr'><strong>Nullaque</strong></span> <span class='ocrx_word' id='word_1_89' title='bbox 460 1471 510 1517; x_wconf 89' lang='lat' dir='ltr'><strong>res</strong></span> <span class='ocrx_word' id='word_1_90' title='bbox 526 1457 624 1516; x_wconf 88' lang='lat' dir='ltr'><strong>maius</strong></span> <span class='ocrx_word' id='word_1_91' title='bbox 640 1463 777 1531; x_wconf 88' lang='lat' dir='ltr'><strong>tempore</strong></span> <span class='ocrx_word' id='word_1_92' title='bbox 791 1455 886 1516; x_wconf 90' lang='lat' dir='ltr'><strong>robur</strong></span> <span class='ocrx_word' id='word_1_93' title='bbox 900 1454 1002 1516; x_wconf 88' lang='lat' dir='ltr'><strong>habet.</strong></span> <span class='ocrx_word' id='word_1_94' title='bbox 1117 1504 1126 1526; x_wconf 84' lang='grc'><strong>.</strong></span> 
     </span>
     <span class='ocr_line' id='line_1_16' title="bbox 260 1538 1116 1616; baseline -0.002 -16"><span class='ocrx_word' id='word_1_95' title='bbox 260 1538 378 1616; x_wconf 90' lang='lat' dir='ltr'><strong>Scripta</strong></span> <span class='ocrx_word' id='word_1_96' title='bbox 393 1541 492 1601; x_wconf 86' lang='lat' dir='ltr'><strong>icrunt</strong></span> <span class='ocrx_word' id='word_1_97' title='bbox 505 1556 614 1601; x_wconf 86' lang='lat' dir='ltr'><strong>annos.</strong></span> <span class='ocrx_word' id='word_1_98' title='bbox 643 1539 766 1615; x_wconf 79' lang='lat' dir='ltr'><strong>scriniis</strong></span> <span class='ocrx_word' id='word_1_99' title='bbox 781 1540 1015 1614; x_wconf 74' lang='lat' dir='ltr'><strong>Agamemnona</strong></span> <span class='ocrx_word' id='word_1_100' title='bbox 1028 1539 1116 1613; x_wconf 90' lang='lat' dir='ltr'><strong>nosti,</strong></span> 
     </span>
     <span class='ocr_line' id='line_1_17' title="bbox 297 1623 967 1699; baseline -0.003 -16"><span class='ocrx_word' id='word_1_101' title='bbox 297 1623 335 1684; x_wconf 86' lang='grc' dir='ltr'><strong>Ει</strong></span> <span class='ocrx_word' id='word_1_102' title='bbox 350 1624 489 1699; x_wconf 89' lang='lat' dir='ltr'><strong>quisquis</strong></span> <span class='ocrx_word' id='word_1_103' title='bbox 505 1633 611 1685; x_wconf 87' lang='lat' dir='ltr'><strong>contra</strong></span> <span class='ocrx_word' id='word_1_104' title='bbox 625 1624 674 1683; x_wconf 88' lang='lat' dir='ltr'><strong>vel</strong></span> <span class='ocrx_word' id='word_1_105' title='bbox 689 1623 778 1684; x_wconf 93' lang='lat' dir='ltr'><strong>simul</strong></span> <span class='ocrx_word' id='word_1_106' title='bbox 793 1639 878 1686; x_wconf 87' lang='lat' dir='ltr'><strong>arma</strong></span> <span class='ocrx_word' id='word_1_107' title='bbox 891 1624 967 1685; x_wconf 89' lang='lat' dir='ltr'><strong>tulit.</strong></span> 
     </span>
     <span class='ocr_line' id='line_1_18' title="bbox 259 1706 1132 1785; baseline -0.003 -18"><span class='ocrx_word' id='word_1_108' title='bbox 259 1706 332 1781; x_wconf 81' lang='lat' dir='ltr'><strong>Quis</strong></span> <span class='ocrx_word' id='word_1_109' title='bbox 346 1708 466 1769; x_wconf 90' lang='lat' dir='ltr'><strong>Thebas</strong></span> <span class='ocrx_word' id='word_1_110' title='bbox 482 1717 663 1785; x_wconf 89' lang='lat' dir='ltr'><strong>septemque</strong></span> <span class='ocrx_word' id='word_1_111' title='bbox 677 1708 773 1768; x_wconf 89' lang='lat' dir='ltr'><strong>duces</strong></span> <span class='ocrx_word' id='word_1_112' title='bbox 789 1709 856 1769; x_wconf 89' lang='lat' dir='ltr'><strong>sine</strong></span> <span class='ocrx_word' id='word_1_113' title='bbox 872 1708 1008 1769; x_wconf 88' lang='lat' dir='ltr'><strong>carmine</strong></span> <span class='ocrx_word' id='word_1_114' title='bbox 1021 1713 1132 1780; x_wconf 75' lang='lat' dir='ltr'><strong>nosset,</strong></span> 
     </span>
     <span class='ocr_line' id='line_1_19' title="bbox 224 1791 1109 1868; baseline -0.002 -16"><span class='ocrx_word' id='word_1_115' title='bbox 224 1858 225 1862; x_wconf 44' lang='lat'>,</span> <span class='ocrx_word' id='word_1_116' title='bbox 297 1791 336 1852; x_wconf 82' lang='lat' dir='ltr'><strong>Et</strong></span> <span class='ocrx_word' id='word_1_117' title='bbox 350 1793 495 1868; x_wconf 88' lang='lat' dir='ltr'><strong>quicquid</strong></span> <span class='ocrx_word' id='word_1_118' title='bbox 512 1793 686 1868; x_wconf 88' lang='lat' dir='ltr'><strong>posthaec,</strong></span> <span class='ocrx_word' id='word_1_119' title='bbox 703 1793 848 1868; x_wconf 91' lang='lat' dir='ltr'><strong>quicquid</strong></span> <span class='ocrx_word' id='word_1_120' title='bbox 865 1799 896 1852; x_wconf 93' lang='lat' dir='ltr'><strong>et</strong></span> <span class='ocrx_word' id='word_1_121' title='bbox 915 1798 985 1852; x_wconf 93' lang='lat' dir='ltr'><strong>ante</strong></span> <span class='ocrx_word' id='word_1_122' title='bbox 1001 1793 1077 1852; x_wconf 70' lang='lat' dir='ltr'><strong>tuiti</strong></span> <span class='ocrx_word' id='word_1_123' title='bbox 1107 1823 1109 1826; x_wconf 57' lang='lat'>&gt;</span> 
     </span>
     <span class='ocr_line' id='line_1_20' title="bbox 207 1875 1054 1953; baseline -0.002 -17"><span class='ocrx_word' id='word_1_124' title='bbox 207 1886 241 1937; x_wconf 82' lang='lat'><strong>55</strong></span> <span class='ocrx_word' id='word_1_125' title='bbox 255 1875 291 1936; x_wconf 88' lang='lat' dir='ltr'><strong>Di</strong></span> <span class='ocrx_word' id='word_1_126' title='bbox 308 1892 431 1953; x_wconf 87' lang='lat' dir='ltr'><strong>quoque</strong></span> <span class='ocrx_word' id='word_1_127' title='bbox 446 1876 644 1951; x_wconf 89' lang='lat' dir='ltr'><strong>carminibus,</strong></span> <span class='ocrx_word' id='word_1_128' title='bbox 659 1875 686 1937; x_wconf 91' lang='lat' dir='ltr'><strong>si</strong></span> <span class='ocrx_word' id='word_1_129' title='bbox 702 1877 749 1937; x_wconf 85' lang='lat' dir='ltr'><strong>ias</strong></span> <span class='ocrx_word' id='word_1_130' title='bbox 770 1883 818 1937; x_wconf 87' lang='lat' dir='ltr'><strong>est</strong></span> <span class='ocrx_word' id='word_1_131' title='bbox 832 1876 951 1950; x_wconf 88' lang='lat' dir='ltr'><strong>dicere,</strong></span> <span class='ocrx_word' id='word_1_132' title='bbox 967 1875 1054 1948; x_wconf 86' lang='lat' dir='ltr'><strong>liunt,</strong></span> 
     </span>
     <span class='ocr_line' id='line_1_21' title="bbox 297 1959 926 2037; baseline -0.003 -18"><span class='ocrx_word' id='word_1_133' title='bbox 297 1959 452 2037; x_wconf 84' lang='lat' dir='ltr'><strong>Tantaque</strong></span> <span class='ocrx_word' id='word_1_134' title='bbox 467 1963 610 2022; x_wconf 87' lang='lat' dir='ltr'><strong>maiestas</strong></span> <span class='ocrx_word' id='word_1_135' title='bbox 626 1976 680 2021; x_wconf 90' lang='lat' dir='ltr'><strong>ore</strong></span> <span class='ocrx_word' id='word_1_136' title='bbox 695 1961 832 2021; x_wconf 87' lang='lat' dir='ltr'><strong>canentis</strong></span> <span class='ocrx_word' id='word_1_137' title='bbox 847 1967 926 2035; x_wconf 83' lang='lat' dir='ltr'><strong>eget.</strong></span> 
     </span>
     <span class='ocr_line' id='line_1_22' title="bbox 258 2043 905 2120; baseline 0.002 -16"><span class='ocrx_word' id='word_1_138' title='bbox 258 2043 309 2104; x_wconf 89' lang='lat' dir='ltr'><strong>Sic</strong></span> <span class='ocrx_word' id='word_1_139' title='bbox 323 2044 424 2105; x_wconf 87' lang='lat' dir='ltr'><strong>Chaos</strong></span> <span class='ocrx_word' id='word_1_140' title='bbox 439 2061 478 2104; x_wconf 86' lang='lat' dir='ltr'><strong>ex</strong></span> <span class='ocrx_word' id='word_1_141' title='bbox 494 2045 545 2105; x_wconf 94' lang='lat' dir='ltr'><strong>illa</strong></span> <span class='ocrx_word' id='word_1_142' title='bbox 560 2052 685 2105; x_wconf 91' lang='lat' dir='ltr'><strong>naturae</strong></span> <span class='ocrx_word' id='word_1_143' title='bbox 698 2046 780 2105; x_wconf 87' lang='lat' dir='ltr'><strong>mole</strong></span> <span class='ocrx_word' id='word_1_144' title='bbox 794 2043 905 2120; x_wconf 90' lang='lat' dir='ltr'><strong>prioris</strong></span> 
     </span>
     <span class='ocr_line' id='line_1_23' title="bbox 294 2126 936 2203; baseline -0.008 -16"><span class='ocrx_word' id='word_1_145' title='bbox 294 2126 452 2202; x_wconf 82' lang='lat' dir='ltr'><strong>Digestum</strong></span> <span class='ocrx_word' id='word_1_146' title='bbox 467 2136 569 2203; x_wconf 88' lang='lat' dir='ltr'><strong>partes</strong></span> <span class='ocrx_word' id='word_1_147' title='bbox 584 2129 704 2189; x_wconf 86' lang='lat' dir='ltr'><strong>scimus</strong></span> <span class='ocrx_word' id='word_1_148' title='bbox 719 2128 833 2188; x_wconf 90' lang='lat' dir='ltr'><strong>habere</strong></span> <span class='ocrx_word' id='word_1_149' title='bbox 847 2143 936 2188; x_wconf 80' lang='lat' dir='ltr'><strong>suas:</strong></span> 
     </span>
     <span class='ocr_line' id='line_1_24' title="bbox 258 2210 943 2288; baseline -0.001 -17"><span class='ocrx_word' id='word_1_150' title='bbox 258 2210 309 2271; x_wconf 91' lang='lat' dir='ltr'><strong>Sic</strong></span> <span class='ocrx_word' id='word_1_151' title='bbox 323 2212 512 2273; x_wconf 83' lang='lat' dir='ltr'><strong>adfectantes</strong></span> <span class='ocrx_word' id='word_1_152' title='bbox 529 2213 675 2272; x_wconf 88' lang='lat' dir='ltr'><strong>caelestia</strong></span> <span class='ocrx_word' id='word_1_153' title='bbox 688 2228 783 2288; x_wconf 81' lang='lat' dir='ltr'><strong>regna</strong></span> <span class='ocrx_word' id='word_1_154' title='bbox 798 2211 943 2286; x_wconf 82' lang='lat' dir='ltr'><strong>Gigantas</strong></span> 
     </span>
     <span class='ocr_line' id='line_1_25' title="bbox 204 2294 978 2374; baseline 0 -23"><span class='ocrx_word' id='word_1_155' title='bbox 204 2298 241 2352; x_wconf 82' lang='lat'><strong>60</strong></span> <span class='ocrx_word' id='word_1_156' title='bbox 292 2294 344 2356; x_wconf 84' lang='lat' dir='ltr'><strong>Ad</strong></span> <span class='ocrx_word' id='word_1_157' title='bbox 358 2295 455 2374; x_wconf 79' lang='lat' dir='ltr'><strong>styga</strong></span> <span class='ocrx_word' id='word_1_158' title='bbox 468 2294 627 2356; x_wconf 79' lang='lat' dir='ltr'><strong>nimbifero</strong></span> <span class='ocrx_word' id='word_1_159' title='bbox 642 2295 772 2357; x_wconf 89' lang='lat' dir='ltr'><strong>vindicis</strong></span> <span class='ocrx_word' id='word_1_160' title='bbox 788 2295 857 2370; x_wconf 81' lang='lat' dir='ltr'><strong>igne</strong></span> <span class='ocrx_word' id='word_1_161' title='bbox 872 2295 978 2356; x_wconf 74' lang='lat' dir='ltr'><strong>datos:</strong></span> 
     </span>
     <span class='ocr_line' id='line_1_26' title="bbox 257 2377 1181 2456; baseline 0 -18"><span class='ocrx_word' id='word_1_162' title='bbox 257 2377 308 2438; x_wconf 89' lang='lat' dir='ltr'><strong>Sic</strong></span> <span class='ocrx_word' id='word_1_163' title='bbox 323 2380 419 2441; x_wconf 91' lang='lat' dir='ltr'><strong>victor</strong></span> <span class='ocrx_word' id='word_1_164' title='bbox 438 2380 559 2442; x_wconf 91' lang='lat' dir='ltr'><strong>laudem</strong></span> <span class='ocrx_word' id='word_1_165' title='bbox 573 2380 728 2456; x_wconf 88' lang='lat' dir='ltr'><strong>superatis</strong></span> <span class='ocrx_word' id='word_1_166' title='bbox 744 2379 834 2440; x_wconf 89' lang='lat' dir='ltr'><strong>Liber</strong></span> <span class='ocrx_word' id='word_1_167' title='bbox 848 2379 886 2438; x_wconf 88' lang='lat' dir='ltr'><strong>ab</strong></span> <span class='ocrx_word' id='word_1_168' title='bbox 901 2378 996 2452; x_wconf 90' lang='lat' dir='ltr'><strong>Indis,</strong></span> <span class='ocrx_word' id='word_1_169' title='bbox 1180 2443 1181 2452; x_wconf 16' lang='lat' dir='ltr'><strong>p</strong></span> 
     </span>
     <span class='ocr_line' id='line_1_27' title="bbox 294 2462 851 2542; baseline -0.003 -18"><span class='ocrx_word' id='word_1_170' title='bbox 294 2464 422 2526; x_wconf 82' lang='lat' dir='ltr'><strong>Alcides</strong></span> <span class='ocrx_word' id='word_1_171' title='bbox 437 2473 526 2542; x_wconf 88' lang='lat' dir='ltr'><strong>capta</strong></span> <span class='ocrx_word' id='word_1_172' title='bbox 541 2465 631 2526; x_wconf 87' lang='lat' dir='ltr'><strong>traxit</strong></span> <span class='ocrx_word' id='word_1_173' title='bbox 645 2463 683 2524; x_wconf 87' lang='lat' dir='ltr'><strong>ab</strong></span> <span class='ocrx_word' id='word_1_174' title='bbox 700 2462 851 2525; x_wconf 85' lang='lat' dir='ltr'><strong>Oechalia.</strong></span> 
     </span>
     <span class='ocr_line' id='line_1_28' title="bbox 254 2544 1144 2624; baseline -0.002 -16"><span class='ocrx_word' id='word_1_175' title='bbox 254 2548 292 2609; x_wconf 84' lang='lat' dir='ltr'><strong>Et</strong></span> <span class='ocrx_word' id='word_1_176' title='bbox 305 2550 414 2622; x_wconf 91' lang='lat' dir='ltr'><strong>modo,</strong></span> <span class='ocrx_word' id='word_1_177' title='bbox 432 2550 561 2622; x_wconf 81' lang='lat' dir='ltr'><strong>Caesar,</strong></span> <span class='ocrx_word' id='word_1_178' title='bbox 577 2565 683 2621; x_wconf 84' lang='lat' dir='ltr'><strong>avum,</strong></span> <span class='ocrx_word' id='word_1_179' title='bbox 699 2563 790 2624; x_wconf 87' lang='lat' dir='ltr'><strong>quem</strong></span> <span class='ocrx_word' id='word_1_180' title='bbox 805 2547 900 2608; x_wconf 89' lang='lat' dir='ltr'><strong>virtus</strong></span> <span class='ocrx_word' id='word_1_181' title='bbox 915 2546 1035 2607; x_wconf 91' lang='lat' dir='ltr'><strong>addidit</strong></span> <span class='ocrx_word' id='word_1_182' title='bbox 1048 2544 1144 2619; x_wconf 88' lang='lat' dir='ltr'><strong>astris,</strong></span> 
     </span>
     <span class='ocr_line' id='line_1_29' title="bbox 296 2631 934 2708; baseline -0.008 -14"><span class='ocrx_word' id='word_1_183' title='bbox 296 2632 460 2694; x_wconf 86' lang='lat' dir='ltr'><strong>Sacrarunt</strong></span> <span class='ocrx_word' id='word_1_184' title='bbox 474 2632 577 2707; x_wconf 88' lang='lat' dir='ltr'><strong>eliqua</strong></span> <span class='ocrx_word' id='word_1_185' title='bbox 592 2631 726 2693; x_wconf 87' lang='lat' dir='ltr'><strong>carmina</strong></span> <span class='ocrx_word' id='word_1_186' title='bbox 741 2637 825 2708; x_wconf 85' lang='lat' dir='ltr'><strong>porte</strong></span> <span class='ocrx_word' id='word_1_187' title='bbox 840 2639 934 2691; x_wconf 91' lang='lat' dir='ltr'><strong>tuum.</strong></span> 
     </span>
     <span class='ocr_line' id='line_1_30' title="bbox 205 2713 1007 2792; baseline -0.002 -16"><span class='ocrx_word' id='word_1_188' title='bbox 205 2713 240 2768; x_wconf 80' lang='lat'><strong>65</strong></span> <span class='ocrx_word' id='word_1_189' title='bbox 256 2714 365 2791; x_wconf 91' lang='lat' dir='ltr'><strong>Siquid</strong></span> <span class='ocrx_word' id='word_1_190' title='bbox 379 2715 479 2776; x_wconf 86' lang='lat' dir='ltr'><strong>adhuc</strong></span> <span class='ocrx_word' id='word_1_191' title='bbox 494 2716 583 2792; x_wconf 80' lang='lat' dir='ltr'><strong>igitur</strong></span> <span class='ocrx_word' id='word_1_192' title='bbox 596 2717 673 2790; x_wconf 89' lang='lat' dir='ltr'><strong>vivi,</strong></span> <span class='ocrx_word' id='word_1_193' title='bbox 691 2714 885 2790; x_wconf 86' lang='lat' dir='ltr'><strong>Germanice,</strong></span> <span class='ocrx_word' id='word_1_194' title='bbox 901 2721 1007 2776; x_wconf 92' lang='lat' dir='ltr'><strong>nostro</strong></span> 
     </span>
     <span class='ocr_line' id='line_1_31' title="bbox 296 2798 908 2875; baseline 0 -15"><span class='ocrx_word' id='word_1_195' title='bbox 296 2800 402 2860; x_wconf 87' lang='lat' dir='ltr'><strong>Restat</strong></span> <span class='ocrx_word' id='word_1_196' title='bbox 415 2799 445 2860; x_wconf 92' lang='lat' dir='ltr'><strong>in</strong></span> <span class='ocrx_word' id='word_1_197' title='bbox 460 2799 596 2875; x_wconf 84' lang='lat' dir='ltr'><strong>ingenia,</strong></span> <span class='ocrx_word' id='word_1_198' title='bbox 613 2800 727 2861; x_wconf 89' lang='lat' dir='ltr'><strong>serviet</strong></span> <span class='ocrx_word' id='word_1_199' title='bbox 741 2816 830 2860; x_wconf 89' lang='lat' dir='ltr'><strong>omne</strong></span> <span class='ocrx_word' id='word_1_200' title='bbox 846 2798 908 2861; x_wconf 87' lang='lat' dir='ltr'><strong>tibi.</strong></span> 
     </span>
     <span class='ocr_line' id='line_1_32' title="bbox 254 2883 1002 2959; baseline -0.005 -15"><span class='ocrx_word' id='word_1_201' title='bbox 254 2883 320 2944; x_wconf 88' lang='lat' dir='ltr'><strong>Non</strong></span> <span class='ocrx_word' id='word_1_202' title='bbox 337 2891 425 2959; x_wconf 88' lang='lat' dir='ltr'><strong>potes</strong></span> <span class='ocrx_word' id='word_1_203' title='bbox 444 2883 578 2946; x_wconf 84' lang='lat' dir='ltr'><strong>cilicium</strong></span> <span class='ocrx_word' id='word_1_204' title='bbox 593 2885 673 2944; x_wconf 91' lang='lat' dir='ltr'><strong>vatis</strong></span> <span class='ocrx_word' id='word_1_205' title='bbox 690 2892 884 2945; x_wconf 87' lang='lat' dir='ltr'><strong>contemnere</strong></span> <span class='ocrx_word' id='word_1_206' title='bbox 898 2890 1002 2944; x_wconf 77' lang='lat' dir='ltr'><strong>vates:</strong></span> 
     </span>
     <span class='ocr_line' id='line_1_33' title="bbox 295 2967 878 3044; baseline 0.002 -19"><span class='ocrx_word' id='word_1_207' title='bbox 295 2967 412 3028; x_wconf 92' lang='lat' dir='ltr'><strong>Iudicio</strong></span> <span class='ocrx_word' id='word_1_208' title='bbox 428 2968 556 3044; x_wconf 89' lang='lat' dir='ltr'><strong>pretium</strong></span> <span class='ocrx_word' id='word_1_209' title='bbox 572 2985 622 3029; x_wconf 89' lang='lat' dir='ltr'><strong>res</strong></span> <span class='ocrx_word' id='word_1_210' title='bbox 636 2967 729 3029; x_wconf 90' lang='lat' dir='ltr'><strong>habet</strong></span> <span class='ocrx_word' id='word_1_211' title='bbox 742 2969 802 3029; x_wconf 87' lang='lat' dir='ltr'><strong>ista</strong></span> <span class='ocrx_word' id='word_1_212' title='bbox 814 2975 878 3030; x_wconf 90' lang='lat' dir='ltr'><strong>tuo.</strong></span> 
     </span>
     <span class='ocr_line' id='line_1_34' title="bbox 255 3049 1072 3128; baseline 0.004 -18"><span class='ocrx_word' id='word_1_213' title='bbox 255 3049 341 3124; x_wconf 80' lang='lat' dir='ltr'><strong>Quod</strong></span> <span class='ocrx_word' id='word_1_214' title='bbox 356 3053 414 3113; x_wconf 90' lang='lat' dir='ltr'><strong>nisi</strong></span> <span class='ocrx_word' id='word_1_215' title='bbox 429 3059 583 3113; x_wconf 83' lang='lat' dir='ltr'><strong>tancmer</strong></span> <span class='ocrx_word' id='word_1_216' title='bbox 600 3059 714 3114; x_wconf 89' lang='lat' dir='ltr'><strong>tantum</strong></span> <span class='ocrx_word' id='word_1_217' title='bbox 730 3053 769 3112; x_wconf 90' lang='lat' dir='ltr'><strong>ad</strong></span> <span class='ocrx_word' id='word_1_218' title='bbox 784 3053 900 3113; x_wconf 89' lang='lat' dir='ltr'><strong>maiora</strong></span> <span class='ocrx_word' id='word_1_219' title='bbox 914 3059 1072 3128; x_wconf 87' lang='lat' dir='ltr'><strong>vocasset,</strong></span> 
     </span>
     <span class='ocr_line' id='line_1_35' title="bbox 201 3135 929 3198; baseline -0.005 0"><span class='ocrx_word' id='word_1_220' title='bbox 201 3141 237 3198; x_wconf 79' lang='lat' dir='ltr'><strong>lo</strong></span> <span class='ocrx_word' id='word_1_221' title='bbox 293 3135 394 3196; x_wconf 88' lang='lat' dir='ltr'><strong>Gloria</strong></span> <span class='ocrx_word' id='word_1_222' title='bbox 412 3136 564 3198; x_wconf 88' lang='lat' dir='ltr'><strong>Pieridum</strong></span> <span class='ocrx_word' id='word_1_223' title='bbox 578 3152 697 3198; x_wconf 91' lang='lat' dir='ltr'><strong>summa</strong></span> <span class='ocrx_word' id='word_1_224' title='bbox 712 3137 829 3198; x_wconf 85' lang='lat' dir='ltr'><strong>tuturus</strong></span> <span class='ocrx_word' id='word_1_225' title='bbox 849 3151 929 3198; x_wconf 88' lang='lat' dir='ltr'><strong>cras.</strong></span> 
     </span>
     <span class='ocr_line' id='line_1_36' title="bbox 253 3217 1179 3296; baseline 0 -18"><span class='ocrx_word' id='word_1_226' title='bbox 253 3217 317 3279; x_wconf 90' lang='lat' dir='ltr'><strong>Sed</strong></span> <span class='ocrx_word' id='word_1_227' title='bbox 331 3220 405 3280; x_wconf 88' lang='lat' dir='ltr'><strong>darc</strong></span> <span class='ocrx_word' id='word_1_228' title='bbox 420 3221 575 3282; x_wconf 86' lang='lat' dir='ltr'><strong>materiam</strong></span> <span class='ocrx_word' id='word_1_229' title='bbox 590 3221 696 3294; x_wconf 89' lang='lat' dir='ltr'><strong>nobis,</strong></span> <span class='ocrx_word' id='word_1_230' title='bbox 714 3237 806 3296; x_wconf 85' lang='lat' dir='ltr'><strong>quam</strong></span> <span class='ocrx_word' id='word_1_231' title='bbox 823 3220 972 3293; x_wconf 88' lang='lat' dir='ltr'><strong>earmina,</strong></span> <span class='ocrx_word' id='word_1_232' title='bbox 989 3219 1107 3281; x_wconf 74' lang='lat' dir='ltr'><strong>mavisr</strong></span> <span class='ocrx_word' id='word_1_233' title='bbox 1177 3239 1179 3260; x_wconf 48' lang='grc' dir='ltr'><strong>ι</strong></span> 
     </span>
     <span class='ocr_line' id='line_1_37' title="bbox 293 3303 945 3381; baseline 0 -19"><span class='ocrx_word' id='word_1_234' title='bbox 293 3303 355 3362; x_wconf 92' lang='lat' dir='ltr'><strong>Nec</strong></span> <span class='ocrx_word' id='word_1_235' title='bbox 371 3311 469 3365; x_wconf 86' lang='lat' dir='ltr'><strong>lamen</strong></span> <span class='ocrx_word' id='word_1_236' title='bbox 484 3321 524 3366; x_wconf 87' lang='lat' dir='ltr'><strong>ex</strong></span> <span class='ocrx_word' id='word_1_237' title='bbox 538 3312 601 3366; x_wconf 91' lang='grc' dir='ltr'><strong>ιοιο</strong></span> <span class='ocrx_word' id='word_1_238' title='bbox 617 3305 761 3366; x_wconf 87' lang='lat' dir='ltr'><strong>deserere</strong></span> <span class='ocrx_word' id='word_1_239' title='bbox 775 3305 827 3365; x_wconf 91' lang='lat' dir='ltr'><strong>llla</strong></span> <span class='ocrx_word' id='word_1_240' title='bbox 846 3311 945 3381; x_wconf 89' lang='lat' dir='ltr'><strong>potes.</strong></span> 
     </span>
     <span class='ocr_line' id='line_1_38' title="bbox 253 3386 1177 3464; baseline 0 -18"><span class='ocrx_word' id='word_1_241' title='bbox 253 3387 326 3446; x_wconf 86' lang='lat' dir='ltr'><strong>llam</strong></span> <span class='ocrx_word' id='word_1_242' title='bbox 340 3389 435 3463; x_wconf 86' lang='lat' dir='ltr'><strong>modo</strong></span> <span class='ocrx_word' id='word_1_243' title='bbox 447 3389 528 3449; x_wconf 89' lang='lat' dir='ltr'><strong>bella</strong></span> <span class='ocrx_word' id='word_1_244' title='bbox 542 3389 639 3464; x_wconf 83' lang='lat' dir='ltr'><strong>geris,</strong></span> <span class='ocrx_word' id='word_1_245' title='bbox 655 3387 790 3450; x_wconf 90' lang='lat' dir='ltr'><strong>numeris</strong></span> <span class='ocrx_word' id='word_1_246' title='bbox 804 3389 897 3449; x_wconf 90' lang='lat' dir='ltr'><strong>modo</strong></span> <span class='ocrx_word' id='word_1_247' title='bbox 910 3386 1009 3448; x_wconf 85' lang='lat' dir='ltr'><strong>verba</strong></span> <span class='ocrx_word' id='word_1_248' title='bbox 1023 3403 1160 3458; x_wconf 81' lang='lat' dir='ltr'><strong>coerces.</strong></span> <span class='ocrx_word' id='word_1_249' title='bbox 1176 3431 1177 3434; x_wconf 63' lang='lat'>,</span> 
     </span>
     <span class='ocr_line' id='line_1_39' title="bbox 294 3469 1028 3548; baseline 0 -18"><span class='ocrx_word' id='word_1_250' title='bbox 294 3471 443 3548; x_wconf 83' lang='lat' dir='ltr'><strong>Quodque</strong></span> <span class='ocrx_word' id='word_1_251' title='bbox 456 3473 523 3534; x_wconf 90' lang='lat' dir='ltr'><strong>aliis</strong></span> <span class='ocrx_word' id='word_1_252' title='bbox 539 3489 619 3548; x_wconf 89' lang='lat' dir='ltr'><strong>opus</strong></span> <span class='ocrx_word' id='word_1_253' title='bbox 634 3479 697 3545; x_wconf 90' lang='lat' dir='ltr'><strong>est,</strong></span> <span class='ocrx_word' id='word_1_254' title='bbox 714 3473 773 3534; x_wconf 89' lang='lat' dir='ltr'><strong>hoc</strong></span> <span class='ocrx_word' id='word_1_255' title='bbox 787 3471 840 3532; x_wconf 91' lang='lat' dir='ltr'><strong>tibi</strong></span> <span class='ocrx_word' id='word_1_256' title='bbox 857 3473 944 3533; x_wconf 91' lang='lat' dir='ltr'><strong>tusus</strong></span> <span class='ocrx_word' id='word_1_257' title='bbox 961 3469 1028 3531; x_wconf 84' lang='lat' dir='ltr'><strong>erit.</strong></span> 
     </span>
    </p>
   </div>
   <div class='ocr_carea' id='block_1_3' title="bbox 0 0 1190 3928">
    <p class='ocr_par' dir='ltr' id='par_1_3' title="bbox 0 0 1190 3928">
     <span class='ocr_line' id='line_1_40' title="bbox 0 0 1190 3928; baseline 0 0"><span class='ocrx_word' id='word_1_258' title='bbox 0 0 1190 3928; x_wconf 95' lang='lat' dir='ltr'><strong> </strong></span> 
     </span>
    </p>
   </div>
  </div>
 </body>
</html>
