2372 3928
169 216 230 282 182
566 218 625 280 EX
646 217 795 280 PONTO

290 371 499 449 Gratiaquam
513 371 609 432 meriti
625 372 725 448 possit
738 370 823 430 abire
838 372 904 432 turi?

201 465 235 520 to
249 457 332 517 Haec
348 456 399 517 ubi
415 457 568 530 dixeritis,
584 463 687 517 servet
701 473 759 516 sua
773 456 871 529 dona,
888 465 1001 534 rogate

289 540 341 601 Sic
355 542 444 602 luerit
459 547 579 601 vestrae
595 555 689 601 causa
702 547 828 616 peracta
843 541 922 602 viae.

197 733 238 826 b.
288 759 451 821 onero.

255 847 356 952 Quam
371 878 462 954 legis,
478 895 518 940 ex
534 879 593 940 illis
607 879 661 940 tibi
670 879 755 940 venit
768 878 913 956 epistola,
929 879 1027 956 Brute,

287 966 440 1026 Nasonem
455 965 552 1024 nolles
567 965 597 1024 in
613 963 723 1039 quibus
738 979 810 1024 esse
825 963 912 1023 locis.

249 1050 309 1111 Sed
325 1058 357 1110 tu
373 1050 455 1124 quod
471 1048 584 1121 nolles,
606 1049 700 1109 voluit
711 1047 883 1108 miserabile
899 1049 1004 1106 latum:

286 1133 322 1194 Ei
341 1133 426 1192 nrilrit
443 1133 513 1208 plus
529 1133 617 1206 illud,
634 1149 723 1208 quam
738 1140 790 1194 tua
806 1139 892 1204 vota,
909 1133 999 1191 valet.

222 1219 283 1284 sln
299 1217 426 1296 Scythia
441 1215 529 1276 nobis
545 1217 750 1292 quinquennis
766 1215 921 1292 olympias
935 1223 1005 1276 actu
1017 1221 1075 1275 csta

290 1303 353 1362 lam
367 1308 487 1376 tempus
502 1302 588 1361 lustri
604 1301 753 1361 transitio
769 1301 904 1360 alterius.

249 1385 366 1447 Perstat
381 1385 461 1443 enim
477 1385 596 1445 lortuna
611 1392 717 1458 tenax,
732 1385 877 1460 votisque
892 1383 1053 1460 ritalignum

293 1469 427 1544 Opponit
442 1470 554 1529 nostris
570 1469 719 1529 insidiosa
734 1469 855 1544 pedem.

251 1555 356 1615 Certus
373 1569 442 1613 cras
457 1569 513 1628 pro
529 1568 591 1624 me,
607 1553 718 1612 Fabiae
734 1553 801 1627 lux,
816 1550 964 1624 Maxime,
984 1551 1087 1628 gentis,

202 1657 236 1712 10
290 1639 405 1698 Numen
421 1637 460 1696 ad
475 1640 647 1711 Augustum
661 1636 802 1713 supplice
817 1649 896 1696 voce
912 1635 1007 1709 loqui.

251 1722 372 1783 Occidis
384 1729 453 1781 ante
467 1737 584 1797 preces.
600 1735 787 1796 causamque
802 1735 870 1794 ego,
886 1719 1028 1795 Maxime,
1042 1719 1153 1782 mortu

290 1807 352 1866 Nec
366 1806 482 1864 lucram
497 1806 601 1865 tanti...
617 1822 664 1864 me
678 1820 748 1864 reor
762 1819 835 1864 csse
848 1809 930 1864 tuae.
1105 1825 1106 1828 ยน

250 1891 311 1950 lam
327 1889 415 1950 timeo
435 1897 567 1951 nostram
583 1890 722 1965 cuiquam
738 1889 886 1948 mandare
900 1888 1043 1948 salutem:

291 1976 394 2048 lpsum
410 1981 570 2034 mentetua
585 1973 718 2033 concidit
731 1972 887 2033 auxilium.

201 2072 234 2126 15
250 2059 399 2134 Coeperat
413 2061 569 2132 Augustus
585 2059 733 2132 deceptae
748 2055 910 2131 ignoscere
925 2054 1049 2132 culpae:

291 2141 384 2217 Spem
399 2151 531 2201 nostram
549 2149 644 2201 terras
660 2141 856 2215 deseruitque
871 2139 972 2200 simul.

251 2226 344 2301 Quale
360 2233 458 2285 tamen
475 2226 573 2300 potui,
590 2225 629 2284 de
644 2226 765 2298 caelite,
781 2225 888 2298 Brute,
904 2227 1020 2284 recenti

290 2311 400 2370 Vestra
417 2312 522 2385 procul
538 2311 656 2385 positus
671 2325 794 2370 carmen
810 2309 841 2368 in
855 2325 910 2370 ora
925 2309 1006 2369 dedi.

207 2436 211 2440 ,
251 2395 334 2470 Quae
353 2395 450 2472 prosit
465 2395 562 2470 pietas
578 2395 690 2454 utinam
706 2393 792 2468 mibi,
808 2393 910 2468 sitque
925 2394 1074 2456 malorum

201 2497 236 2551 20
288 2481 350 2540 lam
364 2480 474 2540 modos
490 2486 520 2540 ct
533 2494 642 2538 sacrae
656 2479 757 2538 mitior
769 2478 815 2537 iro
829 2478 955 2537 domus!

250 2565 291 2625 Te
307 2581 432 2639 quoque
448 2564 528 2623 idem
545 2562 659 2638 liquido
676 2578 803 2638 possum
818 2563 920 2622 iurare
936 2563 1067 2638 precari,

292 2649 316 2710 0
332 2648 401 2708 milri
419 2664 478 2707 non
495 2647 587 2706 dobin
607 2647 728 2722 cognite
742 2647 834 2707 Brute
850 2654 931 2706 nota.

249 2733 324 2792 Nam
339 2747 407 2791 curn
423 2731 608 2806 praestiteris
624 2747 728 2791 verum
742 2731 814 2791 milri
829 2745 953 2807 semper
971 2745 1114 2808 amorem,

290 2817 346 2876 Hic
360 2823 458 2875 tamen
474 2817 607 2875 adverso
622 2822 759 2891 tempore
773 2816 869 2876 crevit
883 2831 978 2875 amor.

199 2912 232 2965 25
248 2901 365 2976 Quique
381 2907 448 2960 tuas
465 2900 578 2976 pariter
593 2898 733 2960 lacrimas
748 2908 932 2976 nostrasque
948 2897 1077 2975 videret,

288 2985 439 3044 Passurus
455 3001 586 3062 poenam
601 2985 739 3045 crederet
753 2999 824 3044 esse
841 2985 931 3045 duos.

249 3071 359 3128 Lenem
376 3075 404 3128 tc
420 3070 538 3130 miseris
553 3070 657 3145 genuit
672 3077 787 3129 tratura.
817 3083 875 3127 nec
891 3068 941 3128 ullt

290 3153 392 3213 Mitius
408 3153 574 3229 ingenium,
591 3169 682 3229 quarn
698 3151 764 3222 tibi,
781 3151 888 3225 Brute,
905 3151 1006 3212 dedit:

247 3239 287 3300 Ut
303 3239 370 3313 qui,
386 3239 459 3312 quid
475 3241 595 3308 valeas,
613 3239 744 3313 ignoret,
761 3235 858 3296 Marte
873 3235 1001 3311 lorensi,

196 3329 232 3384 30
285 3320 382 3382 Posse
397 3329 447 3382 tuo
465 3323 568 3398 peragi
584 3324 636 3382 vix
652 3328 735 3397 putet
749 3335 803 3381 ore
819 3335 901 3382 reos.

245 3406 367 3468 Scilicet
380 3407 517 3466 eiusdem
532 3413 594 3478 est,
610 3406 750 3482 quarnnts
766 3421 903 3482 pugrtare
919 3402 1052 3478 videtur,

284 3491 482 3568 Supplicious
499 3490 633 3566 facilem,
650 3489 790 3553 sontibus
805 3505 878 3550 esse
892 3498 1020 3552 trucem.
