2394 3940
591 349 817 416 Tatsttttll
863 443 871 450 ἢ

315 509 459 585 Quamvis
474 509 534 569 hoc
548 508 599 568 vel
614 522 663 568 me
678 505 760 568 scire
774 511 894 567 tacente
909 514 1008 582 potes.

274 594 348 658 Sum
359 593 461 654 miser.
476 592 554 653 baec
566 592 670 652 brevis
681 597 911 650 estnostrorum
922 592 1196 655 summamuloru.

315 678 460 754 Quisquis
476 685 507 739 et
520 676 640 739 offenso
658 675 790 736 Caesare
804 675 896 750 vivet,
919 677 984 736 erit.

272 764 372 824 Turba
386 762 562 822 Tomitanae
578 775 658 837 quae
672 760 713 822 sit
726 758 862 835 regionis
878 766 909 819 et
922 759 1000 822 iuter

231 858 266 912 10
317 847 400 922 Quos
416 846 548 907 habilem
564 860 675 917 mores,
699 843 820 904 discere
834 858 909 904 cura
921 844 976 906 tibi
992 852 1064 906 est?

271 933 367 992 ltlixta
382 931 422 990 sit
436 931 513 990 baec
528 929 669 1004 quamvis
684 928 762 989 intcr
777 927 976 1005 Graecosque
990 928 1165 1005 Getasque,

313 1019 341 1074 Λ
355 1016 433 1074 ritulo
449 1014 568 1089 pacatis
584 1016 654 1089 plus
669 1013 760 1072 trahit
775 1027 831 1072 ora
845 1011 939 1073 Getis.

273 1099 462 1161 Sarmaticae
477 1099 575 1158 maior
588 1098 775 1173 Geticaeque
790 1097 964 1172 frequentia
978 1099 1084 1172 gentis

311 1183 371 1242 Per
384 1182 502 1242 medias
517 1183 546 1242 in
563 1181 653 1258 equis
668 1183 754 1259 itque
769 1181 912 1261 reditque
926 1181 1004 1244 vias.

231 1269 307 1336 15111
323 1266 435 1343 quibus
451 1272 499 1326 est
513 1282 612 1341 nemo,
637 1267 688 1341 qui
705 1283 766 1328 non
782 1272 912 1344 coryton
929 1273 959 1328 et
972 1281 1084 1326 areum

308 1351 444 1429 Telaque
459 1349 585 1426 vipereo
601 1350 700 1411 lurida
716 1352 785 1411 lelle
800 1357 896 1425 gerat.

270 1438 343 1496 Vox
358 1435 432 1508 lero,
456 1443 525 1496 trux
539 1437 650 1512 vultus,
675 1435 836 1496 verissima
850 1434 956 1496 Martis
971 1434 1097 1510 imago=

310 1520 376 1580 Non
393 1535 490 1595 coma,
513 1534 576 1579 non
590 1521 653 1580 ulla
666 1518 761 1580 barba
775 1527 897 1579 resecta
910 1535 1018 1580 manu:

270 1604 402 1665 Dextera
417 1620 481 1664 non
494 1605 600 1678 segnis
615 1604 678 1664 lixo
698 1603 772 1664 dare
786 1604 915 1664 vulnera
930 1605 1039 1679 cultro,

229 1701 265 1755 20
317 1688 413 1763 Quem
426 1689 561 1772 vinctum
576 1688 662 1750 lateri
676 1687 825 1748 barbarus
841 1689 942 1749 omnis
956 1687 1062 1748 babet.

274 1773 354 1834 Vivit
368 1773 397 1833 in
413 1773 462 1834 bis
475 1773 537 1836 heu
551 1774 644 1848 Naso,
667 1789 792 1835 suorum
807 1772 920 1833 oblitus
936 1780 1097 1834 amorum!

310 1859 375 1919 Hos
389 1857 482 1933 videt,
505 1858 564 1919 hos
579 1866 667 1918 vates
682 1858 776 1933 audit,
800 1857 907 1931 amice,
930 1862 1017 1917 tuus!

269 1945 373 2018 Atque
387 1944 502 2002 utinam
517 1941 601 2003 vivat
616 1958 677 2003 non
692 1949 723 2002 et
737 1942 883 2003 moriatur
898 1939 929 2001 in
945 1940 1014 2016 illis,

312 2025 402 2085 Absit
416 2025 455 2086 ab
470 2026 579 2087 invisis
594 2032 625 2087 et
638 2033 739 2086 tamen
754 2025 861 2086 umbra
875 2025 966 2086 locist

228 2118 263 2171 ab
276 2108 415 2170 Carmina
430 2111 514 2184 quod
530 2110 621 2186 pleno
638 2110 741 2170 saltari
757 2117 863 2170 nostra
877 2110 1003 2184 theatro,

310 2192 462 2253 Versibus
478 2199 509 2254 et
524 2193 627 2269 plaudi
642 2193 762 2268 scribis,
781 2193 887 2268 amice,
910 2193 1002 2254 meis:

270 2277 316 2336 Nil
331 2278 474 2352 equidem
490 2277 586 2338 leci...
599 2285 632 2339 tu
647 2278 710 2339 scis
725 2277 784 2338 hoo
800 2278 904 2354 ipse...
918 2275 1058 2354 theatriS,

308 2361 399 2423 Musa
413 2377 470 2422 nec
485 2361 515 2422 in
531 2364 659 2438 plausus
674 2362 836 2423 authitiosa
849 2377 919 2422 mea
933 2368 990 2424 est.

268 2446 334 2508 Non
350 2455 449 2508 tamen
464 2446 614 2522 ingratum
629 2453 685 2518 est,
706 2447 923 2525 quodcumque
937 2445 1054 2508 oblivia
1071 2451 1173 2510 nostri

226 2539 261 2595 30
312 2532 443 2609 Impedit
457 2540 487 2592 et
500 2531 622 2608 prologi
637 2547 747 2592 nornen
763 2532 794 2592 iu
810 2548 865 2593 ora
879 2532 980 2592 relert.
1063 2607 1067 2610 ,

269 2615 413 2691 Quamvis
429 2617 590 2689 interdum,
614 2632 694 2691 quae
708 2631 757 2675 me
770 2615 902 2676 laesisse
916 2615 1079 2693 recordor,

309 2701 449 2761 Carmina
464 2699 605 2760 devoveo
620 2699 820 2776 Pieridasque
834 2715 937 2762 meast

268 2785 341 2845 Cum
357 2784 435 2843 bene
450 2782 573 2861 devovi,
597 2799 717 2858 nequeo
734 2791 834 2845 tameo
850 2800 923 2846 esse
938 2781 1006 2846 sine
1020 2782 1098 2860 illis,

307 2867 558 2947 Vulneribusqne
573 2868 650 2928 meis
665 2869 726 2928 tela
740 2877 866 2930 cruenta
881 2884 1006 2945 sequor.

225 2960 258 3014 35
271 2951 418 3027 Quaeque
431 2954 524 3014 modo
540 2952 687 3013 Euboicis
703 2953 835 3014 lacerata
850 2959 898 3014 est
912 2951 1070 3029 fluctibus,
1097 2956 1193 3072 audep

309 3036 399 3096 Graia
414 3038 603 3114 Capheream
618 3052 740 3098 currere
754 3036 868 3114 puppis
883 3054 1004 3113 aquam.

266 3120 328 3179 Nec
343 3128 452 3196 tamen,
475 3129 507 3181 ut
521 3121 635 3196 lauder,
661 3123 754 3196 vigilo
771 3137 939 3198 curamque
954 3121 1047 3182 loturi

307 3203 452 3279 Nominis,
473 3205 576 3266 utilius
593 3221 672 3280 quon
692 3207 840 3283 *aruisseq
862 3223 933 3282 ago.

265 3287 392 3350 Detineo
407 3288 517 3351 studiis
533 3289 666 3350 animum
682 3291 818 3368 latioque
832 3291 971 3367 dolores,

223 3380 258 3436 lu
308 3372 459 3448 Experior
473 3374 556 3435 curis
572 3381 602 3434 et
616 3374 690 3435 dare
706 3375 800 3436 verba
814 3376 890 3438 meir
920 3397 924 3403 ’

265 3455 342 3533 Quid
357 3459 460 3534 potius
476 3459 586 3520 luciam
602 3460 732 3520 desertis
749 3459 836 3521 solus
850 3463 881 3520 ln
897 3477 969 3535 ons,

305 3542 442 3617 Quamne
455 3544 543 3605 malis
559 3542 649 3604 aliam
664 3559 813 3617 quaerere
828 3559 924 3605 coner
938 3549 1055 3620 opemt

264 3625 336 3686 Sive
351 3627 450 3690 locum
467 3635 584 3704 specto,
605 3627 693 3689 locus
708 3634 756 3688 est
770 3627 952 3706 inamabilis,
975 3633 1006 3687 et
1021 3642 1094 3705 quo
