<?xml version="1.0" encoding="UTF-8"?>
<!DOCTYPE html PUBLIC "-//W3C//DTD XHTML 1.0 Transitional//EN"
    "http://www.w3.org/TR/xhtml1/DTD/xhtml1-transitional.dtd">
<html xmlns="http://www.w3.org/1999/xhtml" xml:lang="en" lang="en">
 <head>
  <title>
</title>
<meta http-equiv="Content-Type" content="text/html;charset=utf-8" />
  <meta name='ocr-system' content='tesseract 3.04.00' />
  <meta name='ocr-capabilities' content='ocr_page ocr_carea ocr_par ocr_line ocrx_word'/>
</head>
<body>
  <div class='ocr_page' id='page_1' title='image "./povidiusnaso00goog_0325.png"; bbox 0 0 2492 3926; ppageno 0'>
   <div class='ocr_carea' id='block_1_1' title="bbox 154 199 781 270">
    <p class='ocr_par' dir='ltr' id='par_1_1' title="bbox 154 199 781 270">
     <span class='ocr_line' id='line_1_1' title="bbox 154 199 781 270; baseline -0.016 0"><span class='ocrx_word' id='word_1_1' title='bbox 154 204 216 270; x_wconf 80' lang='lat'><strong>314</strong></span> <span class='ocrx_word' id='word_1_2' title='bbox 523 199 781 263; x_wconf 81' lang='lat' dir='ltr'>FASTORUM</span> 
     </span>
    </p>
   </div>
   <div class='ocr_carea' id='block_1_2' title="bbox 171 353 987 940">
    <p class='ocr_par' dir='ltr' id='par_1_2' title="bbox 236 353 938 600">
     <span class='ocr_line' id='line_1_2' title="bbox 279 353 938 431; baseline -0.005 -15"><span class='ocrx_word' id='word_1_3' title='bbox 279 354 466 418; x_wconf 74' lang='lat' dir='ltr'><strong>abstulerint</strong></span> <span class='ocrx_word' id='word_1_4' title='bbox 480 355 596 416; x_wconf 81' lang='lat' dir='ltr'><strong>celeres</strong></span> <span class='ocrx_word' id='word_1_5' title='bbox 612 353 752 431; x_wconf 92' lang='lat' dir='ltr'><strong>improba</strong></span> <span class='ocrx_word' id='word_1_6' title='bbox 767 353 847 415; x_wconf 83' lang='lat' dir='ltr'><strong>dicta</strong></span> <span class='ocrx_word' id='word_1_7' title='bbox 865 354 938 415; x_wconf 88' lang='lat' dir='ltr'><strong>noti.</strong></span> 
     </span>
     <span class='ocr_line' id='line_1_3' title="bbox 236 438 893 516; baseline -0.002 -17"><span class='ocrx_word' id='word_1_8' title='bbox 236 441 273 501; x_wconf 86' lang='lat' dir='ltr'><strong>Et</strong></span> <span class='ocrx_word' id='word_1_9' title='bbox 289 446 412 516; x_wconf 88' lang='lat' dir='ltr'><strong>pateant</strong></span> <span class='ocrx_word' id='word_1_10' title='bbox 425 438 567 500; x_wconf 90' lang='lat' dir='ltr'><strong>veniente</strong></span> <span class='ocrx_word' id='word_1_11' title='bbox 581 439 631 499; x_wconf 91' lang='lat' dir='ltr'><strong>die</strong></span> <span class='ocrx_word' id='word_1_12' title='bbox 646 438 779 515; x_wconf 84' lang='lat' dir='ltr'><strong>periuria</strong></span> <span class='ocrx_word' id='word_1_13' title='bbox 794 438 893 512; x_wconf 89' lang='lat' dir='ltr'><strong>nobis,</strong></span> 
     </span>
     <span class='ocr_line' id='line_1_4' title="bbox 277 524 900 600; baseline -0.008 -15"><span class='ocrx_word' id='word_1_14' title='bbox 277 524 339 586; x_wconf 89' lang='lat' dir='ltr'><strong>Nec</strong></span> <span class='ocrx_word' id='word_1_15' title='bbox 355 530 462 585; x_wconf 88' lang='lat' dir='ltr'><strong>curent</strong></span> <span class='ocrx_word' id='word_1_16' title='bbox 476 524 580 600; x_wconf 91' lang='lat' dir='ltr'><strong>superi</strong></span> <span class='ocrx_word' id='word_1_17' title='bbox 595 524 686 598; x_wconf 86' lang='lat' dir='ltr'><strong>siqua</strong></span> <span class='ocrx_word' id='word_1_18' title='bbox 699 524 820 584; x_wconf 90' lang='lat' dir='ltr'><strong>locutus</strong></span> <span class='ocrx_word' id='word_1_19' title='bbox 836 538 900 584; x_wconf 87' lang='lat' dir='ltr'><strong>ero.</strong></span> 
     </span>
    </p>

    <p class='ocr_par' dir='ltr' id='par_1_3' title="bbox 171 607 987 852">
     <span class='ocr_line' id='line_1_5' title="bbox 235 607 987 682; baseline -0.001 -13"><span class='ocrx_word' id='word_1_20' title='bbox 235 609 281 669; x_wconf 87' lang='lat' dir='ltr'><strong>Da</strong></span> <span class='ocrx_word' id='word_1_21' title='bbox 295 609 387 670; x_wconf 89' lang='lat' dir='ltr'><strong>modo</strong></span> <span class='ocrx_word' id='word_1_22' title='bbox 403 609 487 668; x_wconf 91' lang='lat' dir='ltr'><strong>lucra</strong></span> <span class='ocrx_word' id='word_1_23' title='bbox 506 607 594 682; x_wconf 90' lang='lat' dir='ltr'><strong>mihi,</strong></span> <span class='ocrx_word' id='word_1_24' title='bbox 613 607 653 667; x_wconf 92' lang='lat' dir='ltr'><strong>da</strong></span> <span class='ocrx_word' id='word_1_25' title='bbox 664 607 748 668; x_wconf 87' lang='lat' dir='ltr'><strong>lacto</strong></span> <span class='ocrx_word' id='word_1_26' title='bbox 764 607 878 682; x_wconf 83' lang='lat' dir='ltr'><strong>gaudia</strong></span> <span class='ocrx_word' id='word_1_27' title='bbox 891 607 987 679; x_wconf 88' lang='lat' dir='ltr'><strong>luero,</strong></span> 
     </span>
     <span class='ocr_line' id='line_1_6' title="bbox 171 691 982 768; baseline -0.007 -10"><span class='ocrx_word' id='word_1_28' title='bbox 171 702 222 758; x_wconf 81' lang='lat'><strong>690</strong></span> <span class='ocrx_word' id='word_1_29' title='bbox 280 693 318 753; x_wconf 88' lang='lat' dir='ltr'><strong>Et</strong></span> <span class='ocrx_word' id='word_1_30' title='bbox 332 695 415 767; x_wconf 85' lang='lat' dir='ltr'><strong>lace,</strong></span> <span class='ocrx_word' id='word_1_31' title='bbox 429 699 462 753; x_wconf 92' lang='lat' dir='ltr'><strong>ut</strong></span> <span class='ocrx_word' id='word_1_32' title='bbox 476 692 606 768; x_wconf 81' lang='lat' dir='ltr'>emptori</span> <span class='ocrx_word' id='word_1_33' title='bbox 621 691 716 751; x_wconf 91' lang='lat' dir='ltr'><strong>verba</strong></span> <span class='ocrx_word' id='word_1_34' title='bbox 731 691 858 752; x_wconf 83' lang='lat' dir='ltr'>dedisse</span> <span class='ocrx_word' id='word_1_35' title='bbox 878 691 982 752; x_wconf 88' lang='lat' dir='ltr'><strong>iuvet’</strong></span> 
     </span>
     <span class='ocr_line' id='line_1_7' title="bbox 234 775 911 852; baseline -0.003 -15"><span class='ocrx_word' id='word_1_36' title='bbox 234 777 317 837; x_wconf 81' lang='lat' dir='ltr'><strong>Talia</strong></span> <span class='ocrx_word' id='word_1_37' title='bbox 331 776 499 837; x_wconf 86' lang='lat' dir='ltr'><strong>Mercurius</strong></span> <span class='ocrx_word' id='word_1_38' title='bbox 515 783 679 852; x_wconf 89' lang='lat' dir='ltr'><strong>poscentes</strong></span> <span class='ocrx_word' id='word_1_39' title='bbox 694 775 774 836; x_wconf 89' lang='lat' dir='ltr'><strong>ridet</strong></span> <span class='ocrx_word' id='word_1_40' title='bbox 788 776 827 836; x_wconf 89' lang='lat' dir='ltr'><strong>ab</strong></span> <span class='ocrx_word' id='word_1_41' title='bbox 842 776 911 850; x_wconf 87' lang='lat' dir='ltr'><strong>alto,</strong></span> 
     </span>
    </p>

    <p class='ocr_par' dir='ltr' id='par_1_4' title="bbox 277 859 941 940">
     <span class='ocr_line' id='line_1_8' title="bbox 277 859 941 940; baseline -0.009 -18"><span class='ocrx_word' id='word_1_42' title='bbox 277 861 318 922; x_wconf 92' lang='lat' dir='ltr'><strong>Se</strong></span> <span class='ocrx_word' id='word_1_43' title='bbox 333 877 451 922; x_wconf 90' lang='lat' dir='ltr'><strong>memor</strong></span> <span class='ocrx_word' id='word_1_44' title='bbox 465 860 609 940; x_wconf 78' lang='lat' dir='ltr'><strong>Ortygias</strong></span> <span class='ocrx_word' id='word_1_45' title='bbox 625 859 813 935; x_wconf 81' lang='lat' dir='ltr'><strong>surripuisse</strong></span> <span class='ocrx_word' id='word_1_46' title='bbox 834 860 941 919; x_wconf 91' lang='lat' dir='ltr'><strong>boves.</strong></span> 
     </span>
    </p>
   </div>
   <div class='ocr_carea' id='block_1_3' title="bbox 597 993 725 1056">
    <p class='ocr_par' dir='ltr' id='par_1_5' title="bbox 597 993 725 1056">
     <span class='ocr_line' id='line_1_9' title="bbox 597 993 725 1056; baseline -0.031 0"><span class='ocrx_word' id='word_1_47' title='bbox 597 994 647 1056; x_wconf 75' lang='lat'><strong>20.</strong></span> <span class='ocrx_word' id='word_1_48' title='bbox 668 993 725 1053; x_wconf 87' lang='lat' dir='ltr'><strong>DC</strong></span> 
     </span>
    </p>
   </div>
   <div class='ocr_carea' id='block_1_4' title="bbox 233 1110 1021 1191">
    <p class='ocr_par' dir='ltr' id='par_1_6' title="bbox 233 1110 1021 1191">
     <span class='ocr_line' id='line_1_10' title="bbox 233 1110 1021 1191; baseline -0.005 -17"><span class='ocrx_word' id='word_1_49' title='bbox 233 1117 274 1175; x_wconf 82' lang='lat' dir='ltr'><strong>At</strong></span> <span class='ocrx_word' id='word_1_50' title='bbox 289 1115 360 1174; x_wconf 94' lang='lat' dir='ltr'><strong>mihi</strong></span> <span class='ocrx_word' id='word_1_51' title='bbox 376 1115 493 1191; x_wconf 92' lang='lat' dir='ltr'><strong>pande,</strong></span> <span class='ocrx_word' id='word_1_52' title='bbox 512 1129 635 1190; x_wconf 78' lang='lat' dir='ltr'><strong>precor,</strong></span> <span class='ocrx_word' id='word_1_53' title='bbox 656 1120 739 1174; x_wconf 91' lang='lat' dir='ltr'><strong>tanto</strong></span> <span class='ocrx_word' id='word_1_54' title='bbox 755 1112 880 1172; x_wconf 84' lang='lat' dir='ltr'><strong>meliora</strong></span> <span class='ocrx_word' id='word_1_55' title='bbox 895 1110 1021 1186; x_wconf 91' lang='lat' dir='ltr'><strong>petenti,</strong></span> 
     </span>
    </p>
   </div>
   <div class='ocr_carea' id='block_1_5' title="bbox 162 1195 1102 3452">
    <p class='ocr_par' dir='ltr' id='par_1_7' title="bbox 162 1195 1102 3452">
     <span class='ocr_line' id='line_1_11' title="bbox 274 1195 989 1274; baseline -0.006 -17"><span class='ocrx_word' id='word_1_56' title='bbox 274 1200 308 1258; x_wconf 94' lang='lat' dir='ltr'><strong>ln</strong></span> <span class='ocrx_word' id='word_1_57' title='bbox 325 1199 468 1261; x_wconf 89' lang='lat' dir='ltr'><strong>Geminos</strong></span> <span class='ocrx_word' id='word_1_58' title='bbox 484 1213 524 1258; x_wconf 89' lang='lat' dir='ltr'><strong>ex</strong></span> <span class='ocrx_word' id='word_1_59' title='bbox 541 1214 602 1274; x_wconf 89' lang='lat' dir='ltr'><strong>quo</strong></span> <span class='ocrx_word' id='word_1_60' title='bbox 618 1204 756 1273; x_wconf 87' lang='lat' dir='ltr'><strong>ternpore</strong></span> <span class='ocrx_word' id='word_1_61' title='bbox 774 1195 915 1264; x_wconf 83' lang='lat' dir='ltr'><strong>Phoebus</strong></span> <span class='ocrx_word' id='word_1_62' title='bbox 930 1201 989 1255; x_wconf 90' lang='lat' dir='ltr'><strong>eat.</strong></span> 
     </span>
     <span class='ocr_line' id='line_1_12' title="bbox 169 1277 1047 1355; baseline -0.01 -8"><span class='ocrx_word' id='word_1_63' title='bbox 169 1291 220 1347; x_wconf 81' lang='lat'><strong>695</strong></span> <span class='ocrx_word' id='word_1_64' title='bbox 235 1283 322 1342; x_wconf 72' lang='lat' dir='ltr'><strong>‘Cum</strong></span> <span class='ocrx_word' id='word_1_65' title='bbox 336 1282 461 1344; x_wconf 85' lang='lat' dir='ltr'><strong>totidem</strong></span> <span class='ocrx_word' id='word_1_66' title='bbox 477 1282 516 1340; x_wconf 90' lang='lat' dir='ltr'><strong>de</strong></span> <span class='ocrx_word' id='word_1_67' title='bbox 530 1296 637 1343; x_wconf 91' lang='lat' dir='ltr'><strong>mense</strong></span> <span class='ocrx_word' id='word_1_68' title='bbox 652 1281 719 1342; x_wconf 93' lang='lat' dir='ltr'><strong>dies</strong></span> <span class='ocrx_word' id='word_1_69' title='bbox 735 1295 900 1355; x_wconf 85' lang='lat' dir='ltr'><strong>superesse</strong></span> <span class='ocrx_word' id='word_1_70' title='bbox 913 1277 1047 1354; x_wconf 90' lang='lat' dir='ltr'><strong>videbis,</strong></span> 
     </span>
     <span class='ocr_line' id='line_1_13' title="bbox 276 1362 902 1439; baseline -0.01 -13"><span class='ocrx_word' id='word_1_71' title='bbox 276 1366 355 1439; x_wconf 82' lang='lat' dir='ltr'><strong>Quot</strong></span> <span class='ocrx_word' id='word_1_72' title='bbox 369 1371 440 1426; x_wconf 91' lang='lat' dir='ltr'><strong>sunt</strong></span> <span class='ocrx_word' id='word_1_73' title='bbox 452 1364 595 1426; x_wconf 88' lang='lat' dir='ltr'><strong>Herculei</strong></span> <span class='ocrx_word' id='word_1_74' title='bbox 614 1365 696 1426; x_wconf 83' lang='lat' dir='ltr'><strong>lacta</strong></span> <span class='ocrx_word' id='word_1_75' title='bbox 710 1362 836 1424; x_wconf 88' lang='lat' dir='ltr'><strong>laboris’</strong></span> <span class='ocrx_word' id='word_1_76' title='bbox 853 1364 902 1424; x_wconf 90' lang='lat' dir='ltr'><strong>ait.</strong></span> 
     </span>
     <span class='ocr_line' id='line_1_14' title="bbox 233 1447 1051 1525; baseline 0 -17"><span class='ocrx_word' id='word_1_77' title='bbox 233 1449 312 1508; x_wconf 79' lang='lat' dir='ltr'><strong>‘Dic’</strong></span> <span class='ocrx_word' id='word_1_78' title='bbox 329 1465 387 1525; x_wconf 82' lang='lat' dir='ltr'><strong>ego</strong></span> <span class='ocrx_word' id='word_1_79' title='bbox 402 1449 550 1525; x_wconf 85' lang='lat' dir='ltr'><strong>respondi</strong></span> <span class='ocrx_word' id='word_1_80' title='bbox 565 1455 704 1510; x_wconf 73' lang='lat' dir='ltr'><strong>‘causam</strong></span> <span class='ocrx_word' id='word_1_81' title='bbox 718 1447 791 1506; x_wconf 91' lang='lat' dir='ltr'><strong>mihi</strong></span> <span class='ocrx_word' id='word_1_82' title='bbox 806 1447 917 1508; x_wconf 92' lang='lat' dir='ltr'><strong>sideris</strong></span> <span class='ocrx_word' id='word_1_83' title='bbox 931 1447 1051 1509; x_wconf 65' lang='lat' dir='ltr'><strong>huius!</strong></span> 
     </span>
     <span class='ocr_line' id='line_1_15' title="bbox 277 1531 884 1594; baseline -0.008 -1"><span class='ocrx_word' id='word_1_84' title='bbox 277 1533 407 1594; x_wconf 81' lang='lat' dir='ltr'><strong>causam</strong></span> <span class='ocrx_word' id='word_1_85' title='bbox 422 1533 556 1594; x_wconf 80' lang='lat' dir='ltr'><strong>facundo</strong></span> <span class='ocrx_word' id='word_1_86' title='bbox 571 1531 706 1593; x_wconf 79' lang='lat' dir='ltr'><strong>reddidit</strong></span> <span class='ocrx_word' id='word_1_87' title='bbox 720 1546 775 1592; x_wconf 92' lang='lat' dir='ltr'><strong>ore</strong></span> <span class='ocrx_word' id='word_1_88' title='bbox 791 1532 884 1591; x_wconf 83' lang='lat' dir='ltr'><strong>deus=</strong></span> 
     </span>
     <span class='ocr_line' id='line_1_16' title="bbox 232 1612 1102 1693; baseline -0.001 -16"><span class='ocrx_word' id='word_1_89' title='bbox 232 1616 443 1678; x_wconf 68' lang='lat' dir='ltr'><strong>‘Abstulerant</strong></span> <span class='ocrx_word' id='word_1_90' title='bbox 457 1623 562 1693; x_wconf 87' lang='lat' dir='ltr'><strong>raptas</strong></span> <span class='ocrx_word' id='word_1_91' title='bbox 576 1614 720 1677; x_wconf 90' lang='lat' dir='ltr'><strong>Phoeben</strong></span> <span class='ocrx_word' id='word_1_92' title='bbox 733 1612 935 1689; x_wconf 90' lang='lat' dir='ltr'><strong>Phoebesque</strong></span> <span class='ocrx_word' id='word_1_93' title='bbox 951 1629 1102 1676; x_wconf 89' lang='lat' dir='ltr'><strong>sororem</strong></span> 
     </span>
     <span class='ocr_line' id='line_1_17' title="bbox 169 1698 990 1779; baseline -0.011 -14"><span class='ocrx_word' id='word_1_94' title='bbox 169 1711 220 1766; x_wconf 82' lang='lat'><strong>700</strong></span> <span class='ocrx_word' id='word_1_95' title='bbox 277 1701 473 1779; x_wconf 81' lang='lat' dir='ltr'><strong>Tyndaridae</strong></span> <span class='ocrx_word' id='word_1_96' title='bbox 488 1701 612 1774; x_wconf 86' lang='lat' dir='ltr'><strong>iratres,</strong></span> <span class='ocrx_word' id='word_1_97' title='bbox 630 1699 681 1759; x_wconf 89' lang='lat' dir='ltr'><strong>hic</strong></span> <span class='ocrx_word' id='word_1_98' title='bbox 701 1715 814 1774; x_wconf 79' lang='lat' dir='ltr'><strong>equeS,</strong></span> <span class='ocrx_word' id='word_1_99' title='bbox 831 1698 881 1757; x_wconf 91' lang='lat' dir='ltr'><strong>ille</strong></span> <span class='ocrx_word' id='word_1_100' title='bbox 895 1698 990 1774; x_wconf 83' lang='lat' dir='ltr'><strong>pugil.</strong></span> 
     </span>
     <span class='ocr_line' id='line_1_18' title="bbox 232 1782 1059 1861; baseline -0.001 -16"><span class='ocrx_word' id='word_1_101' title='bbox 232 1786 317 1846; x_wconf 88' lang='lat' dir='ltr'><strong>Bella</strong></span> <span class='ocrx_word' id='word_1_102' title='bbox 331 1793 453 1861; x_wconf 92' lang='lat' dir='ltr'><strong>parant,</strong></span> <span class='ocrx_word' id='word_1_103' title='bbox 470 1791 671 1861; x_wconf 90' lang='lat' dir='ltr'><strong>repetuntque</strong></span> <span class='ocrx_word' id='word_1_104' title='bbox 687 1799 761 1844; x_wconf 86' lang='lat' dir='ltr'><strong>suos</strong></span> <span class='ocrx_word' id='word_1_105' title='bbox 777 1788 807 1843; x_wconf 89' lang='lat' dir='ltr'><strong>et</strong></span> <span class='ocrx_word' id='word_1_106' title='bbox 821 1782 913 1842; x_wconf 83' lang='lat' dir='ltr'><strong>frater</strong></span> <span class='ocrx_word' id='word_1_107' title='bbox 927 1789 957 1842; x_wconf 91' lang='lat' dir='ltr'><strong>et</strong></span> <span class='ocrx_word' id='word_1_108' title='bbox 973 1783 1059 1858; x_wconf 85' lang='lat' dir='ltr'><strong>idas,</strong></span> 
     </span>
     <span class='ocr_line' id='line_1_19' title="bbox 274 1869 901 1944; baseline -0.005 -16"><span class='ocrx_word' id='word_1_109' title='bbox 274 1869 431 1944; x_wconf 91' lang='lat' dir='ltr'><strong>Leucippo</strong></span> <span class='ocrx_word' id='word_1_110' title='bbox 447 1869 512 1931; x_wconf 85' lang='lat' dir='ltr'><strong>fieri</strong></span> <span class='ocrx_word' id='word_1_111' title='bbox 529 1875 637 1944; x_wconf 88' lang='lat' dir='ltr'><strong>pactus</strong></span> <span class='ocrx_word' id='word_1_112' title='bbox 651 1875 782 1943; x_wconf 86' lang='lat' dir='ltr'><strong>uterque</strong></span> <span class='ocrx_word' id='word_1_113' title='bbox 797 1882 901 1942; x_wconf 83' lang='lat' dir='ltr'><strong>gener.</strong></span> 
     </span>
     <span class='ocr_line' id='line_1_20' title="bbox 232 1952 1032 2029; baseline 0 -17"><span class='ocrx_word' id='word_1_114' title='bbox 232 1953 287 2014; x_wconf 90' lang='lat' dir='ltr'><strong>His</strong></span> <span class='ocrx_word' id='word_1_115' title='bbox 302 1969 401 2028; x_wconf 85' lang='lat' dir='ltr'><strong>amor,</strong></span> <span class='ocrx_word' id='word_1_116' title='bbox 422 1960 456 2014; x_wconf 92' lang='lat' dir='ltr'><strong>ut</strong></span> <span class='ocrx_word' id='word_1_117' title='bbox 470 1959 623 2029; x_wconf 88' lang='lat' dir='ltr'><strong>repetant,</strong></span> <span class='ocrx_word' id='word_1_118' title='bbox 640 1952 714 2024; x_wconf 88' lang='lat' dir='ltr'><strong>illis,</strong></span> <span class='ocrx_word' id='word_1_119' title='bbox 732 1959 765 2012; x_wconf 90' lang='lat' dir='ltr'><strong>ut</strong></span> <span class='ocrx_word' id='word_1_120' title='bbox 780 1953 911 2012; x_wconf 91' lang='lat' dir='ltr'><strong>reddere</strong></span> <span class='ocrx_word' id='word_1_121' title='bbox 927 1952 1032 2025; x_wconf 85' lang='lat' dir='ltr'><strong>nolint,</strong></span> 
     </span>
     <span class='ocr_line' id='line_1_21' title="bbox 275 2036 985 2112; baseline -0.003 -15"><span class='ocrx_word' id='word_1_122' title='bbox 275 2036 400 2098; x_wconf 78' lang='lat' dir='ltr'><strong>Suadet.</strong></span> <span class='ocrx_word' id='word_1_123' title='bbox 430 2044 512 2097; x_wconf 91' lang='lat' dir='ltr'><strong>etex</strong></span> <span class='ocrx_word' id='word_1_124' title='bbox 528 2052 623 2097; x_wconf 91' lang='lat' dir='ltr'><strong>causa</strong></span> <span class='ocrx_word' id='word_1_125' title='bbox 638 2043 752 2112; x_wconf 82' lang='lat' dir='ltr'><strong>pugnat</strong></span> <span class='ocrx_word' id='word_1_126' title='bbox 766 2044 894 2110; x_wconf 83' lang='lat' dir='ltr'><strong>uterque</strong></span> <span class='ocrx_word' id='word_1_127' title='bbox 909 2037 985 2111; x_wconf 90' lang='lat' dir='ltr'><strong>pari.</strong></span> 
     </span>
     <span class='ocr_line' id='line_1_22' title="bbox 168 2119 999 2197; baseline -0.011 -14"><span class='ocrx_word' id='word_1_128' title='bbox 168 2127 219 2183; x_wconf 81' lang='grc'><strong>705</strong></span> <span class='ocrx_word' id='word_1_129' title='bbox 233 2119 376 2195; x_wconf 80' lang='lat' dir='ltr'><strong>Effugere</strong></span> <span class='ocrx_word' id='word_1_130' title='bbox 391 2119 556 2180; x_wconf 90' lang='lat' dir='ltr'><strong>Oebalidae</strong></span> <span class='ocrx_word' id='word_1_131' title='bbox 571 2136 663 2181; x_wconf 88' lang='lat' dir='ltr'><strong>cursu</strong></span> <span class='ocrx_word' id='word_1_132' title='bbox 679 2128 805 2197; x_wconf 91' lang='lat' dir='ltr'><strong>potuere</strong></span> <span class='ocrx_word' id='word_1_133' title='bbox 820 2126 999 2195; x_wconf 84' lang='lat' dir='ltr'><strong>sequentes:</strong></span> 
     </span>
     <span class='ocr_line' id='line_1_23' title="bbox 276 2202 901 2280; baseline -0.005 -17"><span class='ocrx_word' id='word_1_134' title='bbox 276 2202 337 2263; x_wconf 90' lang='lat' dir='ltr'><strong>Sed</strong></span> <span class='ocrx_word' id='word_1_135' title='bbox 353 2202 454 2264; x_wconf 90' lang='lat' dir='ltr'><strong>visum</strong></span> <span class='ocrx_word' id='word_1_136' title='bbox 471 2203 564 2263; x_wconf 89' lang='lat' dir='ltr'><strong>celeri</strong></span> <span class='ocrx_word' id='word_1_137' title='bbox 578 2204 702 2264; x_wconf 90' lang='lat' dir='ltr'><strong>vincere</strong></span> <span class='ocrx_word' id='word_1_138' title='bbox 716 2211 805 2280; x_wconf 88' lang='lat' dir='ltr'><strong>turpe</strong></span> <span class='ocrx_word' id='word_1_139' title='bbox 820 2204 901 2279; x_wconf 78' lang='lat' dir='ltr'><strong>luga.</strong></span> 
     </span>
     <span class='ocr_line' id='line_1_24' title="bbox 232 2285 1071 2364; baseline 0 -19"><span class='ocrx_word' id='word_1_140' title='bbox 232 2287 322 2346; x_wconf 91' lang='lat' dir='ltr'><strong>Liber</strong></span> <span class='ocrx_word' id='word_1_141' title='bbox 335 2286 374 2345; x_wconf 90' lang='lat' dir='ltr'><strong>ab</strong></span> <span class='ocrx_word' id='word_1_142' title='bbox 389 2285 551 2348; x_wconf 87' lang='lat' dir='ltr'><strong>arboribus</strong></span> <span class='ocrx_word' id='word_1_143' title='bbox 567 2288 653 2349; x_wconf 85' lang='lat' dir='ltr'><strong>loeus</strong></span> <span class='ocrx_word' id='word_1_144' title='bbox 669 2295 732 2362; x_wconf 92' lang='lat' dir='ltr'><strong>est,</strong></span> <span class='ocrx_word' id='word_1_145' title='bbox 753 2295 826 2363; x_wconf 92' lang='lat' dir='ltr'><strong>apta</strong></span> <span class='ocrx_word' id='word_1_146' title='bbox 840 2304 913 2347; x_wconf 91' lang='lat' dir='ltr'><strong>area</strong></span> <span class='ocrx_word' id='word_1_147' title='bbox 927 2303 1071 2364; x_wconf 61' lang='lat' dir='ltr'><strong>pugnam</strong></span> 
     </span>
     <span class='ocr_line' id='line_1_25' title="bbox 276 2370 972 2447; baseline 0.001 -17"><span class='ocrx_word' id='word_1_148' title='bbox 276 2370 477 2433; x_wconf 82' lang='lat' dir='ltr'><strong>Constiterant</strong></span> <span class='ocrx_word' id='word_1_149' title='bbox 497 2371 567 2432; x_wconf 91' lang='lat' dir='ltr'><strong>illic.</strong></span> <span class='ocrx_word' id='word_1_150' title='bbox 602 2387 713 2434; x_wconf 91' lang='lat' dir='ltr'><strong>nomen</strong></span> <span class='ocrx_word' id='word_1_151' title='bbox 727 2372 875 2446; x_wconf 87' lang='lat' dir='ltr'><strong>Aphidna</strong></span> <span class='ocrx_word' id='word_1_152' title='bbox 889 2373 972 2447; x_wconf 72' lang='lat' dir='ltr'><strong>loco,</strong></span> 
     </span>
     <span class='ocr_line' id='line_1_26' title="bbox 231 2454 927 2534; baseline 0.004 -22"><span class='ocrx_word' id='word_1_153' title='bbox 231 2454 359 2516; x_wconf 86' lang='lat' dir='ltr'><strong>Pectora</strong></span> <span class='ocrx_word' id='word_1_154' title='bbox 372 2455 516 2516; x_wconf 86' lang='lat' dir='ltr'><strong>traiectus</strong></span> <span class='ocrx_word' id='word_1_155' title='bbox 532 2455 658 2534; x_wconf 82' lang='lat' dir='ltr'><strong>Lynceo</strong></span> <span class='ocrx_word' id='word_1_156' title='bbox 674 2455 782 2516; x_wconf 82' lang='lat' dir='ltr'><strong>Castor</strong></span> <span class='ocrx_word' id='word_1_157' title='bbox 797 2455 835 2517; x_wconf 88' lang='lat' dir='ltr'><strong>ab</strong></span> <span class='ocrx_word' id='word_1_158' title='bbox 851 2471 927 2516; x_wconf 88' lang='lat' dir='ltr'><strong>ense</strong></span> 
     </span>
     <span class='ocr_line' id='line_1_27' title="bbox 162 2539 937 2616; baseline -0.008 -14"><span class='ocrx_word' id='word_1_159' title='bbox 162 2547 218 2616; x_wconf 76' lang='grc' dir='ltr'><strong>Ι710</strong></span> <span class='ocrx_word' id='word_1_160' title='bbox 272 2539 338 2600; x_wconf 91' lang='lat' dir='ltr'><strong>Non</strong></span> <span class='ocrx_word' id='word_1_161' title='bbox 355 2546 515 2614; x_wconf 89' lang='lat' dir='ltr'><strong>expectato</strong></span> <span class='ocrx_word' id='word_1_162' title='bbox 530 2541 657 2600; x_wconf 89' lang='lat' dir='ltr'><strong>volnere</strong></span> <span class='ocrx_word' id='word_1_163' title='bbox 676 2539 789 2615; x_wconf 91' lang='lat' dir='ltr'><strong>pressit</strong></span> <span class='ocrx_word' id='word_1_164' title='bbox 802 2539 937 2600; x_wconf 89' lang='lat' dir='ltr'><strong>humum.</strong></span> 
     </span>
     <span class='ocr_line' id='line_1_28' title="bbox 230 2622 995 2700; baseline -0.003 -16"><span class='ocrx_word' id='word_1_165' title='bbox 230 2623 317 2684; x_wconf 93' lang='lat' dir='ltr'><strong>Ultor</strong></span> <span class='ocrx_word' id='word_1_166' title='bbox 334 2623 423 2683; x_wconf 86' lang='lat' dir='ltr'><strong>adest</strong></span> <span class='ocrx_word' id='word_1_167' title='bbox 435 2622 558 2698; x_wconf 88' lang='lat' dir='ltr'><strong>Pollux,</strong></span> <span class='ocrx_word' id='word_1_168' title='bbox 574 2631 604 2683; x_wconf 94' lang='lat' dir='ltr'><strong>et</strong></span> <span class='ocrx_word' id='word_1_169' title='bbox 617 2624 742 2700; x_wconf 84' lang='lat' dir='ltr'><strong>Lyncea</strong></span> <span class='ocrx_word' id='word_1_170' title='bbox 757 2624 895 2698; x_wconf 84' lang='lat' dir='ltr'><strong>perrorat</strong></span> <span class='ocrx_word' id='word_1_171' title='bbox 908 2622 995 2682; x_wconf 92' lang='lat' dir='ltr'><strong>hasta</strong></span> 
     </span>
     <span class='ocr_line' id='line_1_29' title="bbox 274 2706 943 2783; baseline -0.003 -17"><span class='ocrx_word' id='word_1_172' title='bbox 274 2706 339 2779; x_wconf 84' lang='lat' dir='ltr'><strong>Qua</strong></span> <span class='ocrx_word' id='word_1_173' title='bbox 354 2707 458 2766; x_wconf 87' lang='lat' dir='ltr'><strong>cervix</strong></span> <span class='ocrx_word' id='word_1_174' title='bbox 473 2706 618 2767; x_wconf 88' lang='lat' dir='ltr'><strong>humeros</strong></span> <span class='ocrx_word' id='word_1_175' title='bbox 635 2708 809 2767; x_wconf 88' lang='lat' dir='ltr'><strong>continuata</strong></span> <span class='ocrx_word' id='word_1_176' title='bbox 826 2707 943 2783; x_wconf 87' lang='lat' dir='ltr'><strong>premit.</strong></span> 
     </span>
     <span class='ocr_line' id='line_1_30' title="bbox 229 2788 1093 2866; baseline 0 -19"><span class='ocrx_word' id='word_1_177' title='bbox 229 2790 295 2848; x_wconf 89' lang='lat' dir='ltr'><strong>Ibat</strong></span> <span class='ocrx_word' id='word_1_178' title='bbox 309 2789 338 2848; x_wconf 91' lang='lat' dir='ltr'><strong>in</strong></span> <span class='ocrx_word' id='word_1_179' title='bbox 354 2788 435 2849; x_wconf 89' lang='lat' dir='ltr'><strong>hunc</strong></span> <span class='ocrx_word' id='word_1_180' title='bbox 449 2789 536 2864; x_wconf 90' lang='lat' dir='ltr'><strong>idas,</strong></span> <span class='ocrx_word' id='word_1_181' title='bbox 552 2791 668 2866; x_wconf 90' lang='lat' dir='ltr'><strong>vixque</strong></span> <span class='ocrx_word' id='word_1_182' title='bbox 683 2797 730 2851; x_wconf 91' lang='lat' dir='ltr'><strong>est</strong></span> <span class='ocrx_word' id='word_1_183' title='bbox 743 2791 826 2851; x_wconf 91' lang='lat' dir='ltr'><strong>lovis</strong></span> <span class='ocrx_word' id='word_1_184' title='bbox 842 2791 912 2866; x_wconf 83' lang='lat' dir='ltr'><strong>igne</strong></span> <span class='ocrx_word' id='word_1_185' title='bbox 927 2790 1093 2865; x_wconf 78' lang='lat' dir='ltr'><strong>repulsusr</strong></span> 
     </span>
     <span class='ocr_line' id='line_1_31' title="bbox 271 2872 980 2949; baseline 0 -19"><span class='ocrx_word' id='word_1_186' title='bbox 271 2872 341 2931; x_wconf 89' lang='lat' dir='ltr'><strong>Tela</strong></span> <span class='ocrx_word' id='word_1_187' title='bbox 357 2880 456 2933; x_wconf 87' lang='lat' dir='ltr'><strong>tamen</strong></span> <span class='ocrx_word' id='word_1_188' title='bbox 473 2873 600 2934; x_wconf 88' lang='lat' dir='ltr'><strong>dextrae</strong></span> <span class='ocrx_word' id='word_1_189' title='bbox 615 2874 740 2935; x_wconf 79' lang='lat' dir='ltr'><strong>fulmine</strong></span> <span class='ocrx_word' id='word_1_190' title='bbox 758 2881 847 2949; x_wconf 86' lang='lat' dir='ltr'><strong>rapta</strong></span> <span class='ocrx_word' id='word_1_191' title='bbox 861 2878 980 2948; x_wconf 82' lang='lat' dir='ltr'><strong>negant.</strong></span> 
     </span>
     <span class='ocr_line' id='line_1_32' title="bbox 166 2956 1001 3034; baseline -0.006 -14"><span class='ocrx_word' id='word_1_192' title='bbox 166 2965 215 3020; x_wconf 76' lang='lat' dir='ltr'><strong>tte</strong></span> <span class='ocrx_word' id='word_1_193' title='bbox 231 2958 355 3031; x_wconf 86' lang='lat' dir='ltr'><strong>lamque</strong></span> <span class='ocrx_word' id='word_1_194' title='bbox 370 2957 438 3032; x_wconf 90' lang='lat' dir='ltr'><strong>tibi,</strong></span> <span class='ocrx_word' id='word_1_195' title='bbox 452 2957 575 3033; x_wconf 83' lang='lat' dir='ltr'><strong>Pollux,</strong></span> <span class='ocrx_word' id='word_1_196' title='bbox 592 2958 710 3019; x_wconf 88' lang='lat' dir='ltr'><strong>eaelum</strong></span> <span class='ocrx_word' id='word_1_197' title='bbox 725 2957 855 3018; x_wconf 88' lang='lat' dir='ltr'><strong>sublime</strong></span> <span class='ocrx_word' id='word_1_198' title='bbox 870 2956 1001 3034; x_wconf 82' lang='lat' dir='ltr'><strong>patebat,</strong></span> 
     </span>
     <span class='ocr_line' id='line_1_33' title="bbox 271 3040 1011 3119; baseline 0.001 -20"><span class='ocrx_word' id='word_1_199' title='bbox 271 3040 343 3100; x_wconf 87' lang='lat' dir='ltr'><strong>Cum</strong></span> <span class='ocrx_word' id='word_1_200' title='bbox 360 3040 479 3102; x_wconf 74' lang='lat' dir='ltr'><strong>“Mea”</strong></span> <span class='ocrx_word' id='word_1_201' title='bbox 495 3042 598 3102; x_wconf 89' lang='lat' dir='ltr'><strong>dixisti</strong></span> <span class='ocrx_word' id='word_1_202' title='bbox 612 3043 763 3119; x_wconf 74' lang='lat' dir='ltr'><strong>“percipe</strong></span> <span class='ocrx_word' id='word_1_203' title='bbox 777 3041 888 3115; x_wconf 90' lang='lat' dir='ltr'><strong>verba,</strong></span> <span class='ocrx_word' id='word_1_204' title='bbox 908 3046 1011 3117; x_wconf 88' lang='lat' dir='ltr'><strong>patert</strong></span> 
     </span>
     <span class='ocr_line' id='line_1_34' title="bbox 229 3122 975 3202; baseline -0.004 -18"><span class='ocrx_word' id='word_1_205' title='bbox 229 3124 315 3198; x_wconf 80' lang='lat' dir='ltr'><strong>Quod</strong></span> <span class='ocrx_word' id='word_1_206' title='bbox 330 3125 402 3184; x_wconf 88' lang='lat' dir='ltr'><strong>mihi</strong></span> <span class='ocrx_word' id='word_1_207' title='bbox 419 3126 475 3186; x_wconf 92' lang='lat' dir='ltr'><strong>das</strong></span> <span class='ocrx_word' id='word_1_208' title='bbox 490 3126 543 3187; x_wconf 91' lang='lat' dir='ltr'><strong>uni</strong></span> <span class='ocrx_word' id='word_1_209' title='bbox 560 3128 692 3200; x_wconf 89' lang='lat' dir='ltr'><strong>caelum,</strong></span> <span class='ocrx_word' id='word_1_210' title='bbox 708 3125 822 3202; x_wconf 90' lang='lat' dir='ltr'><strong>partire</strong></span> <span class='ocrx_word' id='word_1_211' title='bbox 839 3122 975 3185; x_wconf 80' lang='lat' dir='ltr'><strong>duobus:</strong></span> 
     </span>
     <span class='ocr_line' id='line_1_35' title="bbox 270 3209 878 3271; baseline -0.002 -2"><span class='ocrx_word' id='word_1_212' title='bbox 270 3209 435 3270; x_wconf 90' lang='lat' dir='ltr'><strong>Dimidium</strong></span> <span class='ocrx_word' id='word_1_213' title='bbox 450 3217 514 3270; x_wconf 89' lang='lat' dir='ltr'><strong>toto</strong></span> <span class='ocrx_word' id='word_1_214' title='bbox 531 3226 656 3271; x_wconf 90' lang='lat' dir='ltr'><strong>munere</strong></span> <span class='ocrx_word' id='word_1_215' title='bbox 671 3210 769 3271; x_wconf 85' lang='lat' dir='ltr'><strong>maius</strong></span> <span class='ocrx_word' id='word_1_216' title='bbox 785 3209 878 3269; x_wconf 90' lang='lat' dir='ltr'><strong>erit.”</strong></span> 
     </span>
     <span class='ocr_line' id='line_1_36' title="bbox 226 3291 934 3365; baseline 0.003 -15"><span class='ocrx_word' id='word_1_217' title='bbox 226 3291 323 3365; x_wconf 88' lang='lat' dir='ltr'><strong>Dixit,</strong></span> <span class='ocrx_word' id='word_1_218' title='bbox 340 3300 369 3351; x_wconf 88' lang='lat' dir='ltr'><strong>et</strong></span> <span class='ocrx_word' id='word_1_219' title='bbox 383 3295 498 3352; x_wconf 89' lang='lat' dir='ltr'><strong>alterna</strong></span> <span class='ocrx_word' id='word_1_220' title='bbox 513 3292 635 3353; x_wconf 77' lang='lat' dir='ltr'><strong>fratrem</strong></span> <span class='ocrx_word' id='word_1_221' title='bbox 651 3294 783 3354; x_wconf 90' lang='lat' dir='ltr'><strong>statione</strong></span> <span class='ocrx_word' id='word_1_222' title='bbox 796 3292 934 3353; x_wconf 84' lang='lat' dir='ltr'><strong>redemit</strong></span> 
     </span>
     <span class='ocr_line' id='line_1_37' title="bbox 164 3374 886 3452; baseline -0.001 -17"><span class='ocrx_word' id='word_1_223' title='bbox 164 3380 215 3435; x_wconf 75' lang='lat'><strong>720</strong></span> <span class='ocrx_word' id='word_1_224' title='bbox 270 3375 349 3434; x_wconf 90' lang='lat' dir='ltr'><strong>Utile</strong></span> <span class='ocrx_word' id='word_1_225' title='bbox 364 3374 512 3435; x_wconf 87' lang='lat' dir='ltr'><strong>sollicitae</strong></span> <span class='ocrx_word' id='word_1_226' title='bbox 526 3374 614 3434; x_wconf 89' lang='lat' dir='ltr'><strong>sidus</strong></span> <span class='ocrx_word' id='word_1_227' title='bbox 629 3383 791 3452; x_wconf 91' lang='lat' dir='ltr'><strong>utrumque</strong></span> <span class='ocrx_word' id='word_1_228' title='bbox 805 3377 886 3436; x_wconf 86' lang='lat' dir='ltr'><strong>rati’</strong></span> 
     </span>
    </p>
   </div>
   <div class='ocr_carea' id='block_1_6' title="bbox 0 0 1250 3926">
    <p class='ocr_par' dir='ltr' id='par_1_8' title="bbox 0 0 1250 3926">
     <span class='ocr_line' id='line_1_38' title="bbox 0 0 1250 3926; baseline 0 2"><span class='ocrx_word' id='word_1_229' title='bbox 0 0 1250 3926; x_wconf 95' lang='lat' dir='ltr'><strong> </strong></span> 
     </span>
    </p>
   </div>
  </div>
 </body>
</html>
