2450 3932
377 209 427 280 lll,
452 205 479 283 l,
502 203 617 283 62-3,
638 204 690 268 2³.
997 203 1042 270 ³0

110 362 150 424 Ut
161 361 211 421 via
224 359 311 420 finita
327 365 376 420 cst
390 368 420 419 et
434 375 513 434 opus
528 359 680 434 requievit
695 357 798 435 eundi,

150 445 187 505 Et
200 459 322 520 poenae
335 445 426 505 tellus
441 452 488 503 est
503 442 576 502 milri
591 449 671 504 tacta
688 457 784 519 meae,

110 530 156 590 llil
169 528 227 589 nisi
242 527 320 588 llere
334 528 423 601 libel,
437 543 495 586 nec
509 535 615 588 nostro
628 529 752 603 parcior
767 526 864 588 imber

53 621 91 675 ιο
147 611 289 687 Lumine,
310 611 350 672 tle
364 627 458 671 verna
472 628 562 688 quam
577 612 648 671 nive
663 619 765 672 manat
778 627 868 686 aqua.

110 699 207 759 Roma
220 697 396 770 domusque
411 695 491 756 subit
506 694 755 770 desideriumque
769 695 917 771 locorum,

152 779 304 856 Quicquid
318 785 349 840 et
363 780 479 840 amissa
492 787 588 840 restat
606 780 637 839 in
652 777 729 840 urbe
743 779 812 839 mei.

109 865 144 924 Ei
159 862 245 937 milri,
266 863 351 939 quod
366 865 463 922 nostrl
476 863 588 925 totiens
604 863 727 940 pulsata
741 862 874 938 sepulcri

150 948 261 1018 lanua,
282 947 340 1006 sed
355 947 438 1007 nullo
454 954 593 1024 tempore
613 955 721 1022 aperta
733 947 803 1006 luit!

56 1039 92 1090 25
108 1031 167 1092 Cur
180 1045 237 1105 ego
258 1037 304 1091 tot
322 1031 443 1106 gladios
457 1031 519 1109 lugi
534 1031 708 1105 totiensque
722 1031 835 1091 urinata

152 1112 257 1175 Obruit
270 1114 378 1174 infelix
393 1116 476 1177 nulla
490 1116 627 1193 procelle
646 1121 760 1190 caputt

107 1199 161 1271 Di,
182 1214 261 1272 quos
282 1197 428 1273 experior
446 1201 570 1262 nimium
585 1205 761 1260 constanter
775 1198 909 1274 iniquos

150 1281 319 1358 Parlicipes
335 1283 399 1342 irae
414 1299 493 1356 quos
509 1284 587 1348 deus
607 1299 688 1345 unus
700 1282 801 1355 habet,

105 1365 322 1441 Exslimulate‚
338 1381 463 1443 precor,
486 1370 639 1430 cessantia
654 1367 717 1427 lata
735 1367 858 1442 meique

56 1456 91 1508 30
145 1449 287 1510 luteritus
303 1451 426 1510 clausas
441 1469 513 1514 csse
532 1461 633 1514 vetate
649 1453 747 1510 lores!

451 1563 549 1571 ...Q-.-
562 1565 592 1571 ..-

44 1584 83 1681 30
104 1585 196 1682 Haec
211 1637 296 1697 mea,
317 1624 344 1682 si
360 1637 436 1684 casu
450 1621 587 1695 miraris,
603 1623 735 1699 epistola
752 1638 846 1698 quare

147 1705 283 1766 Alterius
299 1705 403 1781 digitis
423 1706 605 1781 scriptasit,
626 1722 720 1782 aeger
739 1722 831 1765 cram.

101 1791 208 1864 Aeger
226 1790 256 1850 iu
272 1789 420 1850 extremis
431 1790 525 1866 ignoti
540 1789 677 1865 partibus
693 1788 786 1862 orbis,

147 1875 350 1949 incertusque
368 1890 456 1935 meae
475 1890 575 1950 paene
589 1874 697 1935 salutis
713 1889 804 1934 eram.

68 1967 84 2017 5
101 1957 183 2030 Quid
198 1959 270 2018 milri
289 1974 370 2019 nunc
385 1959 476 2018 animi
496 1959 562 2018 dira
575 1959 701 2035 regione
721 1957 830 2018 iacenti

147 2041 231 2102 lntcr
246 2042 446 2103 Sauromatas
461 2058 532 2102 esse
548 2043 705 2117 Getasque
725 2048 836 2117 putesl

100 2125 172 2184 Nec
186 2127 304 2186 caelum
319 2127 428 2202 patior,
444 2142 501 2186 nec
516 2126 606 2201 aquis
620 2128 819 2187 adsuevimus
834 2125 910 2197 istis,

147 2211 303 2286 Terraque
319 2211 425 2270 nescio
447 2227 508 2286 quo
528 2225 589 2271 non
610 2213 712 2286 placet
731 2210 800 2286 ipsa
819 2211 922 2271 modo.

103 2293 177 2354 Non
191 2293 300 2354 domus
315 2301 388 2370 apta
403 2295 495 2370 satis,
509 2309 572 2354 nou
587 2294 637 2354 hic
652 2293 739 2356 cibus
753 2295 834 2354 utilis
850 2309 953 2369 aegro,

57 2386 91 2436 lo
146 2377 268 2452 Nullus,
289 2379 454 2452 Apollinea
474 2378 526 2453 qui
544 2379 627 2439 levet
645 2386 709 2439 arte
728 2379 853 2438 anatome

106 2461 176 2520 Non
196 2460 248 2536 qui
264 2462 395 2534 soletur,
416 2477 478 2523 non
499 2461 551 2538 qui
569 2462 702 2523 labentia
720 2462 807 2521 tarde

147 2547 302 2622 Tempora
316 2547 470 2606 nouando
486 2547 584 2622 lallat,
605 2545 721 2605 amicus
736 2545 835 2605 adest.

106 2629 225 2690 Lassus
244 2630 275 2688 in
298 2631 442 2690 extremis
463 2631 550 2691 iaceo
570 2629 756 2705 populisque
771 2629 921 2704 locisque,

148 2713 189 2772 Et
204 2713 286 2774 subit
301 2714 422 2775 adiecto
437 2730 518 2775 nunc
535 2714 620 2783 mihi,
643 2713 789 2789 quicquid
805 2712 902 2774 abest.

56 2805 90 2857 15
108 2794 218 2856 Omnia
232 2813 300 2857 cunr
316 2799 460 2875 subeant,
477 2798 574 2858 vincis
593 2804 694 2858 tannen
715 2798 831 2872 omnia,
852 2799 994 2873 coniunx,

150 2881 190 2939 Et
203 2882 272 2956 plus
294 2882 445 2942 innostro
462 2889 587 2957 pectore
607 2888 694 2956 parte
707 2888 805 2943 tenes.

108 2964 149 3024 Te
165 2966 278 3039 loquor
292 2965 469 3039 absentem,
485 2973 515 3026 tc
529 2983 592 3042 vox
612 2980 681 3025 mea
695 2966 831 3026 nominat
850 2983 957 3033 unam:

26 3067 29 3134 l
149 3048 240 3108 Nulla
258 3050 342 3109 venit
361 3050 473 3111 sinete
492 3067 555 3111 nox
569 3050 656 3123 milri,
672 3051 755 3110 nulla
770 3049 846 3110 dies.

108 3130 186 3204 Quin
203 3132 291 3192 eliam
307 3133 353 3193 sic
367 3150 416 3194 me
432 3135 536 3194 dicunt
550 3135 650 3194 aliena
669 3134 811 3209 locutum,

55 3221 90 3277 Ἃ)
147 3217 191 3277 Ut
205 3217 283 3278 loret
298 3219 409 3278 amenti
430 3234 542 3279 nomen
562 3219 592 3278 in
613 3233 667 3280 ore
683 3225 774 3276 tuum.

105 3298 137 3359 Si
155 3300 216 3360 iam
232 3301 388 3378 deficiam,
404 3301 636 3378 subpressoque
651 3302 753 3376 lingua
771 3301 874 3376 palato

147 3384 211 3442 Vix
227 3383 373 3447 instillato
388 3387 576 3447 restituenda
590 3401 682 3459 mero,

105 3466 232 3529 Nuntiet
252 3469 313 3529 huc
328 3470 439 3545 aliquis
455 3471 609 3532 dominam
626 3467 763 3534 vertisse,
781 3482 950 3542 resurgam,
