2450 3932
365 220 423 296 ΙΙΙ,
446 219 483 297 9,
504 218 626 298 9-10,
646 219 677 283 6.
988 221 1031 288 49

132 375 227 448 inque
243 368 329 434 Getis
344 371 451 435 Graias
468 374 656 436 constituere
670 371 804 434 domos?

64 467 77 520 t
91 455 150 517 Sed
162 463 251 518 vetus
267 455 339 516 huic
354 473 475 532 nomen,
491 459 690 533 positumque
704 455 859 532 antiquius
873 457 959 535 urbo,

135 541 259 601 constat
272 540 312 600 ab
326 540 455 620 Absyrti
470 543 566 602 caede
580 541 679 602 luisse
693 542 774 601 loco.

95 624 166 684 llam
179 631 254 698 rate,
270 639 351 700 quae
366 640 441 686 cura
454 626 605 701 pugnacis
620 625 701 686 iacta
714 623 871 688 Minervae

132 707 187 767 Per
201 723 265 769 non
280 715 442 784 temptatas
455 709 554 786 prima
568 709 702 771 cucurrit
714 724 824 784 aquas,

95 791 186 865 Impia
200 791 358 853 desertum
372 793 493 869 lugiens
507 793 620 854 Medea
633 800 791 868 parentem

56 881 84 932 lo
132 873 246 936 Dicitur
259 875 309 935 his
324 892 426 937 remos
443 877 633 953 applicuisse
647 875 746 937 vadis.

98 958 186 1033 Quem
199 963 311 1035 procul
325 967 359 1021 ut
372 961 448 1022 vidit
461 962 577 1023 tumulo
593 962 771 1037 speculator
784 959 823 1020 ab
839 961 909 1037 alto,

135 1043 293 1118 ‘Hospes’
308 1044 350 1106 ait
363 1049 473 1107 ‘nosco
489 1045 634 1106 Colchide
648 1046 718 1104 vela
732 1045 842 1120 sequi?

97 1126 170 1186 Dum
183 1129 339 1202 trepidant
351 1128 486 1208 Minyae,
502 1129 576 1189 dum
590 1129 720 1191 solvitur
734 1143 847 1203 aggere
861 1129 953 1205 lunis,

134 1211 211 1271 Dum
226 1213 367 1288 seqnitur
382 1215 498 1274 celeres
514 1229 631 1274 ancora
646 1218 742 1274 tracta
755 1228 875 1287 manuS,

57 1303 83 1356 15
96 1294 219 1356 Conscia
232 1297 387 1372 percussit
401 1298 577 1359 meritorum
593 1303 720 1372 pectora
733 1295 854 1356 colchis

132 1382 219 1439 Ausa
233 1387 327 1456 atque
341 1397 455 1442 ausura
470 1383 563 1442 multa
577 1381 711 1441 nelanda
724 1396 832 1441 manus

96 1460 137 1536 lit,
154 1480 341 1541 quamquam
355 1473 500 1542 superest
513 1466 623 1540 ingens
638 1465 768 1526 audacia
781 1466 883 1538 menti,

130 1546 229 1608 Pallor
243 1549 275 1608 in
290 1549 436 1611 attonitae
446 1549 574 1625 virginis
591 1565 645 1610 ore
659 1549 756 1609 sedet.

96 1628 172 1704 Ergo
187 1632 240 1692 ubi
255 1633 418 1709 prospexit
430 1634 585 1694 venientia
597 1635 677 1708 vela,
692 1633 863 1705 ‘Tenemun

56 1715 82 1767 ΙΙ
124 1713 161 1774 Et
174 1720 262 1790 pater
276 1724 325 1777 est
338 1718 442 1793 aliqua
455 1718 564 1779 fraude
578 1715 757 1777 morandus’
773 1715 824 1775 ait.

96 1797 168 1858 Dum
184 1800 257 1874 quid
272 1808 352 1876 agat,
369 1801 496 1877 quaerit,
511 1802 585 1862 dum
598 1807 704 1861 versat
718 1799 749 1858 in
764 1799 866 1859 omnia
880 1797 993 1877 vultus,

131 1883 181 1942 Ad
197 1884 320 1944 tratrem
336 1901 411 1947 casu
425 1886 539 1946 lumina
552 1884 637 1946 flexa
653 1884 729 1944 tulit.

98 1964 184 2027 Cuius
198 1973 233 2027 ut
247 1969 350 2031 oblata
364 1978 412 2032 est
425 1970 609 2044 praesentia,
625 1967 789 2028 ‘Vicimus'
804 1967 918 2044 inquit=

131 2051 199 2110 ‘Hic
213 2051 288 2112 milri
301 2061 399 2115 morte
414 2070 472 2115 sua
486 2069 584 2115 cansa
597 2052 705 2114 salutis
721 2052 800 2113 erit’

60 2141 86 2194 ts
96 2131 230 2196 Protinus
244 2135 344 2212 ignari
356 2154 414 2198 nec
430 2137 596 2213 quicquam
609 2138 671 2197 tale
684 2135 817 2196 timentis

132 2219 300 2281 innocuum
313 2221 413 2296 rigido
429 2221 567 2296 perforat
581 2219 759 2294 anselmus,

97 2301 195 2380 Atque
207 2304 249 2366 ita
263 2304 386 2377 divellit,
403 2306 587 2379 divulsaque
602 2304 738 2363 membra
752 2317 915 2380 peragras

134 2387 272 2462 Dissipat
288 2389 319 2448 in
336 2389 439 2449 multis
452 2387 638 2448 invenienda
651 2386 740 2447 loeis.

97 2467 157 2530 ileu
170 2478 259 2545 pater
272 2472 399 2548 ignoret,
416 2473 546 2548 scopulo
562 2469 707 2547 proponit
720 2470 751 2529 in
762 2471 823 2531 alto

61 2551 87 2606 ³⁰
128 2554 342 2631 Pallentesque
355 2572 466 2616 manus
481 2555 746 2631 sanguineumque
762 2558 868 2628 caput=

97 2636 132 2697 Ut
145 2637 264 2711 genitor
276 2641 423 2715 luctuque
437 2656 519 2701 novo
534 2639 671 2700 tardetur
685 2643 724 2712 et,
738 2644 823 2697 artus

132 2721 211 2782 Dum
224 2722 297 2797 legit
310 2725 471 2799 extinctos,
486 2722 573 2784 triste
588 2722 722 2782 retardet
735 2723 802 2782 iter.

97 2802 165 2864 inde
179 2806 282 2866 Tomis
297 2807 398 2868 dictus
413 2809 501 2868 locus
516 2806 577 2881 hic,
593 2808 665 2882 quia
680 2807 774 2867 lertur
787 2806 819 2865 in
832 2804 884 2865 illo

132 2887 270 2949 Membra
285 2907 376 2953 soror
390 2892 492 2952 fratris
508 2890 709 2951 consecuisse
724 2890 782 2950 sui.

45 3012 88 3109 li.
97 3015 200 3132 Siquis
216 3056 317 3118 adhuc
331 3057 401 3119 istic
415 3059 550 3118 meminit
562 3055 695 3118 Nasonis
711 3052 854 3130 adempti,

133 3142 172 3202 Et
187 3149 334 3217 superest
348 3142 416 3202 sine
430 3159 480 3202 me
494 3156 606 3202 nomen
621 3141 651 3200 in
666 3140 749 3202 Urbe
763 3154 873 3212 meum,

99 3223 294 3301 Suppositum
308 3226 405 3286 stellis
421 3241 587 3300 numquam
601 3221 796 3300 tangentibus
811 3235 929 3298 aequor

133 3309 183 3369 lde
199 3310 277 3370 sciat
291 3311 322 3368 in
336 3310 439 3370 media
452 3310 557 3370 vivere
570 3308 721 3369 barbarie.

74 3397 86 3447 5
98 3386 293 3454 Sauromatae
308 3395 443 3468 cingunt,
459 3395 525 3453 iera
538 3409 625 3468 gens,
639 3391 794 3466 Bessique
809 3391 975 3464 Getaeque,

134 3475 230 3550 Quam
246 3493 308 3540 non
323 3478 446 3552 ingenio
461 3477 586 3539 nomina
600 3477 693 3553 digna
707 3482 792 3537 meo!

69 3569 133 3618 tuo.
153 3559 205 3625 ΠΙ.
351 3600 354 3604 -
808 3565 827 3622 t
