2492 3926
392 263 443 338 Ν,
464 260 640 327 est—³32.

38 428 78 481 rit
89 415 265 479 Prooeduut
280 416 393 491 puriter
409 419 521 474 matres
537 423 689 491 nataeque
703 433 860 493 nurusque

127 501 279 576 Quaeque
294 500 397 559 colunt
416 505 540 558 sanctos
557 499 726 573 virginitate
741 500 840 561 iocos.

89 584 205 646 Sedulo
218 583 291 644 iune
303 580 361 642 viri
376 587 518 642 contento
533 582 677 642 bracchia
691 585 817 644 lassant.

125 668 190 728 Vix
206 666 289 728 subit
301 666 452 726 adversas
466 665 591 740 hospita
604 667 692 726 navis
708 683 816 742 aquas.

92 752 181 813 Sicca
196 751 250 812 diu
263 751 361 810 iuerat
375 749 474 809 tellus.
505 749 571 810 sitis
587 758 709 810 usserat
721 749 847 810 herbas:

39 839 80 890 ito
130 835 219 896 Sedit
233 833 343 895 limoso
360 847 471 909 pressa
485 833 589 893 carina
602 835 696 894 vado.

91 919 236 994 Quisquis
250 918 340 978 adest
355 917 457 993 operi,
473 916 543 992 pius
559 933 650 992 quam
664 933 721 993 pro
739 924 824 992 parte
838 917 964 992 taboret,

127 1002 265 1063 Adiuvat
277 1008 308 1060 et
321 1001 408 1061 iortis
422 1015 500 1062 voce
514 1010 645 1062 sonante
658 1017 777 1061 manus.

90 1087 142 1146 lile
158 1088 241 1146 velut
254 1084 355 1144 medin
371 1083 488 1145 stabilis
503 1084 592 1145 sedet
604 1086 706 1144 insula
720 1092 825 1159 ponto.

124 1169 253 1231 Attoniti
267 1174 403 1229 monstro
419 1174 562 1242 stantque
577 1174 750 1245 paventque
763 1168 830 1228 viri.
946 1168 949 1174 '

41 1254 79 1305 ³0⁵
93 1253 218 1315 claudia
232 1253 342 1328 Quinta
355 1268 454 1327 genus
470 1251 581 1312 clauso
596 1251 750 1312 referebat
762 1252 800 1312 ab
819 1254 891 1328 aito,

126 1338 191 1400 Neo
206 1337 302 1398 iacies
316 1337 415 1412 impar
429 1335 586 1396 nobilitate
602 1336 671 1396 init:

93 1422 179 1484 Casto
194 1421 334 1498 quidem,
352 1421 409 1480 sed
429 1435 491 1479 non
510 1427 540 1481 et
554 1420 678 1480 creditu.
707 1436 812 1501 rumor
826 1420 946 1494 iniquus

127 1506 285 1580 Laeserat,
301 1512 331 1564 et
346 1505 416 1564 taisi
431 1503 565 1564 oriminis
585 1509 654 1565 acta
666 1519 721 1563 rea
734 1511 790 1563 est.

94 1590 191 1650 Cultus
207 1596 238 1648 et
252 1587 366 1649 ornatis
381 1588 467 1648 varie
481 1587 625 1663 prodisse
640 1587 758 1662 capillis

43 1677 82 1729 tto
132 1671 245 1748 Obiuit,
262 1673 302 1732 nd
317 1670 435 1748 rigidos
451 1679 655 1748 promptaque
670 1671 774 1746 lingua
789 1686 888 1730 senta

94 1757 218 1818 Conscia
232 1772 320 1817 mens
334 1756 410 1816 recti
425 1757 524 1816 fernae
538 1755 699 1816 mendacia
713 1755 794 1814 risit:

130 1841 189 1902 Sed
202 1857 262 1904 nos
276 1841 307 1900 in
322 1839 427 1900 vitium
441 1839 567 1901 credula
580 1839 669 1900 turba
683 1855 797 1899 sumus.

92 1925 168 1985 Haeo
182 1924 235 1987 ubi
252 1929 405 1984 castarum
420 1923 573 1999 processit
587 1922 625 1983 ab
642 1923 762 1998 agmine
776 1928 913 1994 matrum,

129 2009 163 2069 Et
176 2006 320 2068 manibus
337 2023 444 2083 puram
459 2007 593 2067 fluminis
609 2006 710 2067 hausit
724 2021 844 2082 aquam,

43 2102 83 2154 ³15
94 2091 146 2152 Ter
159 2099 254 2168 caput
268 2091 399 2164 inroret,
414 2099 460 2150 ter
473 2090 551 2152 toilit
564 2090 594 2150 in
610 2090 734 2150 aethere
749 2091 909 2166 palmas...

128 2176 315 2251 Quicumque
329 2175 494 2250 aspiciunt,
509 2182 611 2235 mente
626 2190 730 2234 carere
744 2181 878 2250 putent...

94 2259 320 2336 Suntmissoque
334 2273 415 2335 genu
429 2261 531 2320 voltus
546 2259 576 2318 in
591 2258 722 2334 imagine
737 2259 827 2318 divae

129 2343 220 2419 rign,
236 2351 269 2404 et
284 2343 343 2404 hos
358 2343 423 2404 edit
436 2344 519 2403 crine
534 2343 654 2403 iacente
668 2357 781 2402 sonos:

94 2426 286 2504 “Suppiiois,
300 2429 394 2502 aima,
411 2433 496 2500 tuae,
511 2426 642 2502 genitrix
657 2425 809 2486 foecunde
823 2425 957 2500 deomm,

45 2511 85 2564 tto
133 2512 246 2587 Accipe
261 2511 318 2572 sub
335 2518 418 2571 certa
433 2510 615 2571 condicione
632 2525 750 2586 preces.

96 2595 179 2655 Casta
192 2610 297 2671 negor.
325 2594 360 2655 Si
374 2602 408 2655 tu
422 2596 565 2670 damnas,
581 2594 732 2654 meruisse
748 2591 879 2653 fatebor:

131 2678 226 2739 Morte
237 2679 319 2740 luam
334 2694 453 2754 poenos
467 2679 567 2739 iudice
583 2679 663 2738 victa
677 2678 745 2737 dea.

97 2761 168 2837 Sed,
183 2762 209 2823 si
224 2763 337 2823 crimen
353 2761 455 2836 abest,
470 2768 502 2823 tu
516 2771 640 2822 nostrae
655 2762 785 2838 pignora
797 2759 878 2820 vitae

133 2846 176 2906 ite
190 2846 294 2921 dabis,
310 2853 340 2906 et
354 2853 456 2907 castas
472 2853 558 2906 easta
572 2862 704 2922 sequere
719 2849 865 2906 manus.”

46 2939 85 2990 ³25
98 2927 188 3002 Dixit,
203 2936 235 2991 et
248 2931 358 3006 exiguo
377 2929 479 2991 iuuem
493 2931 655 2991 conamine
667 2930 767 2991 traxit.

131 3011 218 3087 Mira,
234 3015 291 3076 sed
305 3021 337 3075 et
350 3029 465 3076 scaena
478 3015 641 3076 testificata
655 3015 778 3088 loquum

28 3171 29 3184 ἵ
95 3096 173 3157 itata
183 3098 241 3158 deu
251 3103 308 3172 est,
324 3099 524 3174 sequiturque
535 3099 654 3170 ducem,
670 3097 836 3171 laudatque
848 3095 1017 3176 sequendo.

132 3179 226 3242 Index
240 3181 371 3244 loetitiae
389 3183 483 3244 fertur
496 3184 527 3243 in
541 3189 624 3243 astro
638 3197 745 3244 sonus.
879 3197 880 3200 ’

94 3263 232 3326 Fluminis
247 3267 287 3327 ad
302 3265 418 3328 flexum
432 3266 592 3340 veniunt,..
607 3265 748 3326 'liberino
762 3263 884 3339 priores

45 3351 84 3405 uto
133 3349 215 3410 Atria
228 3350 402 3414 dixerunt...
416 3351 499 3412 unde
513 3350 637 3410 sinister
651 3350 722 3410 abit.

94 3431 159 3492 Nox
171 3433 285 3496 aderat.
316 3450 433 3512 querno
447 3436 576 3510 religant
589 3451 608 3494 a
623 3433 726 3509 stipite
740 3433 851 3506 ionem,

133 3515 269 3594 Dantque
283 3519 344 3580 levi
359 3534 468 3580 somno
489 3533 622 3595 corpora
635 3519 739 3580 iuncta
753 3513 832 3575 cibo.
