2372 3928
335 167 395 242 lv,
416 162 453 242 5,
474 165 593 242 dcl—7,
619 169 667 233 17.
956 169 1016 236 183

91 323 156 384 tum
171 321 222 382 tibi
236 325 385 396 suscepta
400 326 449 381 est
463 322 540 395 legis
555 320 689 382 vindicta
703 337 842 397 severae,

128 404 227 465 Verba
240 405 325 466 velut
339 405 464 465 tinctum
481 404 601 480 singulo
615 406 699 466 virus
715 406 836 466 liabent

57 499 83 552 lt
94 489 229 550 Hostibus
244 487 381 561 eveniat,
399 505 492 562 quam
507 489 551 549 sis
567 489 719 549 violentos
735 490 882 562 inarmis

129 572 242 634 Sentire
256 578 287 631 et
303 571 424 644 linguae
438 575 498 633 tela
513 572 616 632 subire
631 567 710 633 tuae.

95 659 167 732 Quae
181 655 232 716 tibi
247 663 310 716 tarn
326 657 409 715 tenui
425 672 499 716 cura
514 656 672 728 limantur,
689 663 722 716 ut
736 672 843 717 omnes

126 741 211 800 Istius
226 739 382 814 ingenium
398 741 539 816 corporis
554 756 626 800 esse
641 747 760 814 negent.

93 827 128 888 At
140 823 165 883 si
180 839 269 899 quern
286 823 367 882 laedi
385 824 507 883 lortuna
521 823 621 885 cernis
637 824 751 898 iniqua,

56 924 81 975 lo
125 907 240 968 Mollior
257 914 306 966 est
314 907 423 968 ‘animo
438 908 552 968 lemine
566 909 649 968 nulia
663 916 723 967 tuo.

93 993 149 1052 Hoc
162 1006 219 1065 ego
236 990 405 1066 praecipue
420 991 522 1064 sensi,
537 1007 606 1052 cum
622 1007 732 1066 magna
747 1005 885 1050 meorum

124 1074 259 1136 Notitiam
274 1090 349 1149 pars
366 1082 414 1135 est
428 1075 556 1135 infitiata
571 1075 639 1135 inei.

93 1162 231 1220 Inmemor
245 1159 388 1229 illorum,
399 1159 494 1219 vestri
509 1176 570 1220 non
586 1159 733 1218 inmemor
746 1173 899 1233 umquam,

128 1243 179 1317 Qui
193 1243 275 1304 moia
289 1241 411 1302 solliciti
427 1251 534 1304 nostra
549 1243 690 1310 levastis,
706 1257 769 1301 ero.

58 1337 82 1390 lt
92 1327 122 1388 Et
134 1326 215 1403 prius
229 1326 279 1386 hic
294 1325 385 1385 nobis
400 1327 524 1388 nimium
540 1326 746 1387 conterminus
761 1324 862 1384 Hister

129 1412 159 1470 ln
173 1416 265 1484 caput
277 1409 399 1470 Euxino
417 1411 456 1471 dc
471 1429 555 1472 mare
569 1418 666 1470 vertet
680 1410 743 1481 iter,

93 1495 181 1571 thue
194 1493 369 1572 Thyesteae
384 1495 511 1556 redeant
525 1498 552 1556 si
567 1504 706 1569 tempora
720 1506 853 1564 mensae,

128 1579 203 1640 Solis
219 1579 260 1637 ad
276 1593 353 1637 eoas
369 1594 476 1640 curms
492 1588 599 1656 agetur
612 1593 719 1653 aquas,

96 1661 177 1735 Quam
190 1661 355 1736 qnisquam
370 1672 519 1738 vestmm‚
543 1664 593 1738 qui
610 1678 658 1721 me
672 1659 811 1721 doluistis
827 1658 1011 1733 ademptum,

60 1755 83 1808 n
125 1751 237 1822 Arguat
250 1745 400 1820 ingratum
416 1763 477 1807 non
497 1745 671 1808 meminisse
685 1743 743 1806 sui.

58 1931 84 2020 i.
122 1965 330 2026 vascam.

97 2045 205 2147 Missus
221 2100 257 2145 es
270 2083 410 2145 Euxinas
426 2084 586 2158 quoniam,
602 2083 753 2156 Vestalis,
769 2081 809 2142 ad
823 2078 933 2150 undas,

125 2169 162 2230 Ut
174 2169 283 2244 positis
299 2168 414 2228 reddas
430 2167 497 2227 iura
511 2169 568 2228 sub
584 2183 642 2226 axe
657 2167 744 2238 locis,

90 2251 200 2327 Aspicis
216 2268 255 2312 en
272 2267 437 2330 praesens,
455 2253 537 2325 quali
551 2251 706 2311 iaceamus
723 2251 751 2310 in
767 2264 851 2320 arvo,

124 2335 180 2396 Nec
194 2353 243 2396 me
259 2336 345 2396 testis
361 2335 422 2396 eris
438 2337 516 2396 laisa
531 2336 632 2395 solere
648 2335 743 2407 queri.

71 2419 213 2481 tdccedot
226 2421 297 2480 voci
313 2437 368 2495 per
381 2427 412 2480 te
427 2436 487 2488 non
502 2420 586 2479 irrita
601 2426 733 2491 nostrae,

125 2505 241 2580 Alpinis
257 2505 378 2564 iuvenis
392 2503 516 2578 regibus
532 2511 612 2575 orte,
628 2502 716 2562 fides.

94 2585 153 2660 lpse
168 2589 254 2648 vides
270 2595 353 2648 certe
367 2588 465 2662 glacie
480 2602 681 2648 concrescere
696 2585 833 2646 Pontum.

125 2671 193 2746 lpse
207 2673 297 2732 vides
312 2672 411 2746 rigido
428 2673 539 2732 stantia
552 2671 625 2732 vina
638 2672 718 2746 gelu.

92 2753 156 2828 lpse
169 2755 273 2828 vides,
289 2763 416 2817 onerata
431 2757 518 2815 ferox
533 2763 566 2815 ut
580 2757 672 2816 ducat
688 2755 783 2832 lazyx

60 2843 82 2892 lo
123 2835 176 2898 Per
189 2839 308 2900 medias
325 2839 417 2900 Histri
434 2841 570 2914 plaustra
585 2837 734 2900 bubulcus
750 2853 857 2912 aquas.

90 2921 204 2996 Aspicis
219 2931 249 2983 et
264 2924 337 2984 mitti
353 2923 411 2984 sub
427 2926 548 2985 adunco
563 2923 664 2982 toxica
679 2924 769 2997 forro,

23 3027 25 3076 ῑ
124 3005 157 3065 llt
171 3008 263 3067 telum
278 3023 389 3068 causas
404 3007 509 3068 mortis
524 3007 637 3068 habere
653 3007 739 3066 duas.

23 3133 25 3164 ,
89 3088 181 3164 Atque
196 3090 310 3153 utinam
324 3109 396 3168 pars
411 3093 488 3153 haec
505 3100 619 3153 tantum
635 3097 773 3166 spectata
788 3086 905 3162 luisset,

23 3179 25 3226 t
120 3172 182 3234 Non
198 3175 289 3236 eliam
306 3176 432 3252 proprio
448 3175 571 3252 cognita
585 3175 681 3234 Marto
696 3173 763 3234 tihi!

23 3227 25 3330 ἶ
56 3256 78 3310 15
89 3253 214 3319 Tendisti
229 3261 268 3321 ad
285 3261 415 3336 primum
432 3277 486 3336 por
500 3261 596 3321 densa
612 3257 746 3334 pericula
761 3255 863 3336 pilum,

23 3341 25 3398 l
121 3337 249 3418 Contigit
263 3359 303 3404 ex
318 3342 425 3404 merito
442 3343 494 3421 qui
509 3343 562 3404 tibi
578 3361 673 3418 nuper
687 3344 794 3404 lronor.

87 3421 127 3483 Sit
140 3424 208 3486 licet
221 3427 271 3488 hic
286 3423 391 3491 titulus
405 3427 507 3506 plenis
522 3427 576 3488 tibi
593 3426 741 3488 fructibus
756 3425 876 3500 ingens,
