2492 3926
187 217 247 280 298
565 216 821 278 FASTORUM

269 369 308 428 At
324 375 355 428 lu
369 375 505 429 materno
521 370 643 432 donasti
658 371 780 430 nomine
795 384 941 444 mensem,

257 479 261 488 ·
312 452 455 515 Inventor
467 469 594 527 curvae,
612 453 727 514 iuribus
742 460 820 527 apte,
838 451 919 512 fidIs.

204 543 253 596 105
269 534 331 594 Nec
347 536 445 610 pietas
460 536 538 597 haec
554 538 651 612 prima
665 545 715 597 tua
730 542 787 596 est.
817 543 945 612 septena
960 535 1097 611 putaris,

309 619 466 680 Pleiadum
481 637 647 696 numerum,
669 621 722 680 fila
737 619 863 680 dedisse
882 621 991 695 lyrae.²

268 703 352 762 Haec
368 719 490 778 quoque
506 705 646 764 desierat.
678 704 801 764 laudata
815 710 864 762 est
877 718 955 763 voce
969 717 1128 765 sororum

310 785 388 860 Quid
404 788 533 848 laciemt
554 787 660 850 turbae
676 804 747 862 pars
762 786 855 846 habet
869 786 967 846 omnis
981 785 1081 846 idem.

269 869 371 930 Gratia
385 871 536 932 Pieridum
551 871 639 932 nubis
654 871 821 945 aequaliter
835 870 919 941 assit,

204 961 255 1014 110
308 955 456 1030 Nullaque
470 955 610 1016 laudetur
624 957 734 1047 plusve
749 955 888 1014 minusve
904 953 984 1012 milri.

477 1087 504 1149 1.
528 1079 910 1167 [nullut-rervm]

268 1207 297 1265 A
313 1207 383 1265 lave
398 1211 503 1278 surgat
517 1221 605 1279 opus.
633 1204 733 1263 Prima
747 1204 820 1262 milri
835 1209 924 1264 nocte
940 1202 1081 1262 videnda

284 1317 288 1323 ·
306 1288 400 1348 Stella
415 1294 461 1347 est
476 1287 505 1348 in
522 1302 617 1348 cunas
634 1288 775 1348 oillcinsa
789 1287 881 1347 Iovis.

267 1371 406 1432 Nascitur
421 1370 546 1432 Oleniae
560 1374 680 1446 signum
698 1371 829 1446 pluviale
845 1371 999 1446 Capellae:

308 1457 362 1514 llla
378 1455 439 1516 dati
455 1458 571 1514 caelum
586 1455 723 1530 praemia
737 1455 824 1516 lactis
840 1454 939 1514 habet.

203 1543 252 1599 115
267 1539 340 1599 Nais
354 1539 528 1614 Amalthea,
551 1539 675 1600 Cretaea
690 1539 800 1600 nobilis
815 1539 879 1612 lde,

309 1624 424 1684 Dicitur
436 1624 467 1684 in
482 1623 567 1682 silvis
584 1623 759 1684 occuluisse
773 1624 886 1683 lavem.

266 1707 343 1766 Huic
359 1708 412 1768 luit
425 1705 593 1767 haedorum
607 1715 702 1768 mater
716 1707 852 1767 lonnosa
867 1707 1002 1779 duorum,

304 1791 384 1851 luter
397 1791 540 1851 Dictaeos
554 1790 775 1866 conspicienda
789 1806 908 1866 greges,

268 1873 417 1936 Comibus
433 1874 523 1935 aeriis
539 1883 630 1950 atque
644 1875 674 1933 iu
689 1891 747 1936 sua
766 1883 851 1949 terga
864 1872 1007 1944 recurvis,

202 1965 252 2018 ltu
297 1957 421 2031 -Ubere,
446 1959 528 2034 quod
544 1959 643 2020 nutrix
659 1965 768 2034 posset
781 1957 896 2018 habere
910 1957 1001 2016 Iovis.

266 2041 327 2100 Lac
342 2042 435 2102 dabat
447 2042 499 2101 illa
514 2042 583 2103 deo.
611 2042 668 2103 sed
683 2041 773 2117 tregit
787 2041 817 2100 in
832 2041 943 2102 arbore
958 2055 1063 2114 cornu,

306 2125 485 2200 Truncaque
503 2125 628 2185 dimidia
643 2133 727 2200 parte
741 2125 863 2185 decoris
879 2131 951 2184 erat.

268 2205 395 2266 Sustulit
408 2208 467 2266 hnc
482 2208 625 2285 nymphe,
642 2209 797 2284 cinxitque
810 2207 983 2268 recentibus
997 2206 1122 2285 herbis,

307 2289 345 2350 Et
360 2291 481 2366 plenum
497 2291 596 2366 pomis
611 2292 652 2351 ud
666 2293 747 2353 Iovis
763 2307 818 2351 ora
832 2293 908 2352 tulit.

203 2382 250 2436 115
266 2374 319 2434 llle
333 2374 384 2436 ubi
401 2391 451 2452 res
467 2375 542 2435 caeli
558 2377 665 2448 tenuit,
691 2376 831 2452 solioque
845 2381 972 2450 paterno

310 2457 409 2530 Sedit,
433 2467 463 2519 et
477 2459 587 2520 invicto
603 2459 644 2519 nil
659 2460 732 2519 Iove
745 2459 844 2520 maius
859 2465 932 2533 erat,

268 2541 375 2602 Sidera
390 2543 551 2616 nutricem,
569 2543 693 2604 nutricis
710 2543 807 2603 fertile
822 2558 916 2602 cornu

307 2625 398 2688 Fecit.
428 2626 512 2700 quod
528 2627 669 2687 dominae
683 2642 762 2687 nunc
780 2641 904 2702 quoque
918 2641 1027 2686 nomen
1043 2626 1157 2686 habet.
1239 2687 1240 2710 ἦ

267 2708 462 2769 Praestitibus
477 2708 575 2768 Maiae
588 2709 718 2772 Laribus
735 2711 838 2770 videre
852 2709 1009 2770 Kalendae

205 2801 253 2855 130
307 2796 401 2852 Aram
416 2792 557 2854 cunstitui
573 2809 731 2869 parvaque
746 2795 833 2868 signa
848 2794 948 2853 deum.

267 2877 403 2938 voverat
417 2878 468 2936 illa
483 2875 606 2952 quidem
621 2877 737 2938 Curius.
767 2879 824 2940 sed
839 2878 930 2952 longa
945 2884 1084 2938 vetustas

308 2960 448 3034 Destruit,
471 2968 500 3020 et
514 2977 590 3021 saxu
605 2962 696 3036 lunga
711 2969 836 3023 senecta
850 2967 949 3023 nocet.

269 3043 367 3104 Causa
382 3052 480 3104 tamen
496 3045 587 3120 positi
603 3047 698 3106 iuerat
714 3045 903 3121 cognominis
918 3043 986 3118 illis,

307 3126 394 3200 Quod
410 3135 565 3204 praestant
579 3129 675 3191 oculis
691 3130 792 3190 urania
806 3136 870 3190 tuta
884 3128 959 3188 suis.

203 3217 248 3274 135
265 3208 351 3272 Stant
366 3228 490 3288 quoque
506 3229 561 3288 pru
577 3213 680 3288 nubis,
700 3222 729 3274 et
743 3219 890 3289 praesunt
905 3211 1067 3272 moenibus
1088 3211 1200 3283 Urbis,
1238 3211 1239 3240 ¹

307 3295 345 3354 m
360 3305 429 3356 sunt
443 3304 622 3371 praesentes
637 3298 845 3372 auxiliumque
859 3298 966 3355 lerunt.

270 3381 308 3439 At
322 3381 406 3440 canis
421 3387 491 3440 ante
507 3379 617 3455 pedes,
634 3397 710 3440 saxo
728 3380 892 3441 lubricatus
908 3378 1025 3452 eodem,

309 3461 421 3524 Stabat.
453 3478 532 3537 quae
546 3465 646 3524 standi
662 3481 730 3524 uum
744 3465 821 3526 Lare
837 3479 931 3524 causa
946 3462 1021 3522 iuitt
