2372 3928
310 222 367 296 Ν,
390 217 425 293 t,
449 217 568 298 18-8,
590 223 642 288 36.

33 389 61 487 8.
100 421 290 488 SUlLLlo.

74 506 175 600 irittera
187 556 257 600 sera
272 540 410 616 quidem,
427 542 536 603 studiis
551 544 671 604 exctrlte
686 543 782 619 Suilli,

103 623 162 684 llac
176 630 225 684 tua
243 627 396 700 pervenit,
411 626 469 686 sed
482 626 556 687 mibi
571 635 657 702 grata
672 634 782 704 tamen,

73 710 136 779 Qua,
150 708 199 782 pia
212 707 240 768 si
254 708 354 784 possit
368 725 501 785 superos
516 712 610 770 lenire
624 712 763 786 rogando

106 790 212 862 Gratia,
228 792 359 860 labrarum
374 799 403 853 te
418 793 491 853 mibi
505 793 584 854 dicis
599 811 700 870 opem.

52 877 104 938 oUt
114 876 167 935 iam
182 875 222 934 nil
237 883 393 951 praestes,
409 876 501 936 animi
516 894 583 938 sum
598 879 697 938 luctus
713 879 802 941 amici

101 958 229 1031 Debitor,
245 967 276 1019 et
290 960 428 1020 meritum
449 961 527 1020 velle
541 961 646 1022 iuvare
661 977 748 1023 voco.

72 1045 187 1118 Impetus
200 1043 260 1103 iste
274 1049 344 1104 tuus
359 1045 483 1118 longam
497 1046 589 1105 modo
605 1047 694 1124 duret
706 1047 737 1106 in
751 1061 870 1123 aevum,

102 1127 174 1186 llere
188 1126 276 1186 malis
291 1127 391 1202 pietas
405 1129 446 1188 sit
463 1135 512 1188 tua
527 1129 611 1188 lasso
626 1130 711 1190 rneis.

73 1211 113 1270 lus
125 1210 244 1285 aliquod
261 1211 376 1272 laniunt
389 1211 504 1272 adfinia
518 1212 639 1274 vincula
653 1213 752 1284 nobis,

42 1303 62 1352 10
103 1293 175 1367 Quae
190 1309 314 1368 semper
327 1303 470 1356 maneant
483 1295 665 1356 inlabefacta
679 1313 798 1373 precor.

74 1377 132 1436 Nun
145 1376 194 1437 tibi
209 1394 289 1452 quae
308 1380 456 1453 coniunx,
473 1380 581 1440 cadem
595 1381 666 1452 mibi
682 1382 744 1442 lilia
759 1395 857 1457 poene
871 1388 928 1458 est,

104 1461 138 1521 Et
149 1476 225 1535 qaae
240 1468 269 1521 te
283 1477 444 1536 generum,
459 1479 509 1522 me
523 1470 614 1524 vocat
628 1463 679 1523 illa
694 1465 800 1524 virum.

63 1529 100 1604 ll
111 1543 188 1615 mibi,
203 1544 333 1606 salectis
350 1547 464 1606 vultum
478 1554 509 1606 to
525 1547 667 1608 versibus
681 1549 748 1610 istis

103 1629 185 1688 lincis
199 1635 231 1688 et
244 1629 377 1690 adfinem
391 1635 421 1688 te
437 1631 532 1705 pudet
546 1647 617 1691 esse
630 1639 746 1692 meum!

42 1712 177 1771 rantniml
193 1711 245 1773 hic
263 1713 387 1788 dIgnum
403 1714 518 1789 poteris
533 1715 668 1790 reperire
685 1716 802 1792 pudore

102 1794 213 1856 Praeter
228 1796 395 1870 fortunam,
412 1797 578 1872 quaemihi
594 1814 687 1858 caeca
702 1798 765 1861 luit.

74 1876 121 1938 Seu
132 1895 225 1953 genus
239 1879 394 1952 excutias,
410 1881 530 1958 equites
546 1881 584 1942 ab
600 1883 716 1958 origine
731 1882 827 1958 prima

102 1963 197 2038 Usque
210 1978 269 2039 per
282 1964 459 2026 innumeros
472 1965 665 2026 inveniemur
678 1983 771 2027 avos:

75 2043 130 2106 Sive
143 2047 231 2115 velis,
248 2048 302 2124 qai
318 2048 393 2123 sint,
407 2065 510 2111 mores
526 2049 679 2124 inquirere
693 2057 826 2123 nostros,

43 2136 65 2187 lt
101 2129 231 2190 Errorem
245 2132 359 2194 misero
378 2133 521 2207 detrabe,
537 2131 607 2194 labe
620 2141 734 2196 carent

73 2213 106 2272 lu
117 2215 201 2274 modo
216 2214 244 2274 si
260 2215 335 2292 quid
349 2215 399 2291 agi
413 2217 553 2292 sperabis
571 2234 667 2293 posse
683 2219 847 2294 precando,

104 2296 176 2370 Quos
189 2298 284 2372 colis,
303 2315 398 2360 exora
412 2300 553 2376 supplice
566 2317 646 2362 voce
660 2303 747 2364 deos.

74 2379 100 2438 lli
112 2381 156 2440 tibi
170 2389 240 2442 sunt
254 2383 368 2443 Caesar
381 2383 511 2445 iuvenis.
540 2393 591 2446 tua
604 2386 728 2445 numina
740 2388 839 2462 placa.

103 2464 158 2524 llac
173 2474 255 2525 certe
273 2467 356 2528 nulla
369 2475 417 2528 est
430 2467 532 2529 notior
546 2484 600 2528 ara
612 2469 676 2528 tibi.

43 2549 63 2599 ‘tl
73 2543 123 2606 llon
136 2549 203 2610 sinit
216 2550 269 2610 illa
283 2552 331 2612 sui
346 2567 442 2612 vanas
456 2552 598 2613 antistitis
614 2566 759 2628 umquam

102 2631 171 2692 Esse
186 2650 306 2710 preces.
334 2635 449 2697 nostris
462 2634 533 2696 binc
547 2643 618 2712 pete
632 2635 725 2696 rebus
740 2650 840 2711 opem.

74 2711 221 2786 Quamlibet
235 2718 346 2794 exigua
360 2719 387 2778 si
401 2735 459 2780 nos
475 2735 513 2780 ea
527 2719 635 2781 iuverit
650 2737 734 2792 aura,

102 2799 205 2863 Obruta
219 2803 258 2862 de
273 2802 383 2862 modiis
398 2802 509 2863 cumba
523 2811 662 2878 resurget
677 2803 777 2879 aquis.

73 2881 138 2942 Tunc
151 2901 207 2959 ego
222 2892 290 2946 tara
305 2886 399 2946 leram
414 2887 532 2962 rapidis
547 2887 707 2948 sollemnia
725 2886 864 2963 flammis,

42 2971 64 3024 ll
103 2966 136 3027 Et
146 2969 266 3029 valeant
280 2977 424 3045 quantum
440 2972 576 3045 numina,
596 2971 683 3031 testis
698 2986 762 3031 ero.

72 3046 182 3110 Necubi
196 3052 236 3113 de
248 3051 338 3114 Parro
352 3060 497 3127 statuam,
514 3055 708 3128 Germanice,
724 3056 869 3131 templum

101 3131 253 3196 Marmore.
281 3137 398 3212 carpsit
411 3153 488 3213 opes
504 3139 556 3198 illa
569 3139 657 3199 ruina
671 3154 766 3199 meas.

70 3211 176 3292 Templa
190 3219 300 3280 domus
314 3220 405 3282 vobis
420 3222 532 3282 iaciant
550 3222 705 3297 urbesque
717 3222 836 3283 beatae

20 3301 22 3382 ζ
100 3299 175 3363 llaso
189 3303 255 3364 suis
272 3304 399 3380 opibus,
415 3305 548 3366 carmine
563 3313 666 3381 gratus
681 3306 747 3367 crit.

20 3363 148 3444 talarno
162 3386 285 3461 quidem
302 3389 401 3450 fateor
412 3404 471 3465 pro
487 3390 604 3466 magnis
620 3405 745 3450 munera
758 3387 856 3460 reddi,

20 3471 22 3520 l
103 3467 170 3530 Cum
185 3487 240 3546 pro
256 3489 409 3534 concessa
424 3473 519 3534 verba
532 3474 631 3534 salute
646 3473 765 3535 damus.
