<?xml version="1.0" encoding="UTF-8"?>
<!DOCTYPE html PUBLIC "-//W3C//DTD XHTML 1.0 Transitional//EN"
    "http://www.w3.org/TR/xhtml1/DTD/xhtml1-transitional.dtd">
<html xmlns="http://www.w3.org/1999/xhtml" xml:lang="en" lang="en">
 <head>
  <title>
</title>
<meta http-equiv="Content-Type" content="text/html;charset=utf-8" />
  <meta name='ocr-system' content='tesseract 3.04.00' />
  <meta name='ocr-capabilities' content='ocr_page ocr_carea ocr_par ocr_line ocrx_word'/>
</head>
<body>
  <div class='ocr_page' id='page_1' title='image "./povidiusnaso00goog_0018.png"; bbox 0 0 2450 3932; ppageno 0'>
   <div class='ocr_carea' id='block_1_1' title="bbox 375 227 679 306">
    <p class='ocr_par' dir='ltr' id='par_1_1' title="bbox 375 227 679 306">
     <span class='ocr_line' id='line_1_1' title="bbox 375 227 679 306; baseline 0.007 -17"><span class='ocrx_word' id='word_1_1' title='bbox 375 230 403 304; x_wconf 92' lang='lat' dir='ltr'>l,</span> <span class='ocrx_word' id='word_1_2' title='bbox 426 229 462 306; x_wconf 79' lang='lat'>2,</span> <span class='ocrx_word' id='word_1_3' title='bbox 484 227 605 301; x_wconf 80' lang='lat'>51-3.</span> <span class='ocrx_word' id='word_1_4' title='bbox 628 229 679 292; x_wconf 84' lang='lat'>15.</span> 
     </span>
    </p>
   </div>
   <div class='ocr_carea' id='block_1_2' title="bbox 30 381 1003 2230">
    <p class='ocr_par' dir='ltr' id='par_1_2' title="bbox 30 381 1003 2230">
     <span class='ocr_line' id='line_1_2' title="bbox 102 381 866 460; baseline -0.005 -14"><span class='ocrx_word' id='word_1_5' title='bbox 102 387 150 446; x_wconf 84' lang='lat' dir='ltr'>sen</span> <span class='ocrx_word' id='word_1_6' title='bbox 164 382 257 460; x_wconf 88' lang='lat' dir='ltr'>magis</span> <span class='ocrx_word' id='word_1_7' title='bbox 274 382 392 457; x_wconf 88' lang='lat' dir='ltr'>odistis,</span> <span class='ocrx_word' id='word_1_8' title='bbox 408 381 513 444; x_wconf 89' lang='lat' dir='ltr'>iussae</span> <span class='ocrx_word' id='word_1_9' title='bbox 527 397 577 441; x_wconf 89' lang='lat' dir='ltr'>rne</span> <span class='ocrx_word' id='word_1_10' title='bbox 588 381 738 444; x_wconf 85' lang='lat' dir='ltr'>advertite</span> <span class='ocrx_word' id='word_1_11' title='bbox 752 390 866 448; x_wconf 82' lang='lat' dir='ltr'>terrae=</span> 
     </span>
     <span class='ocr_line' id='line_1_3' title="bbox 68 466 692 545; baseline -0.011 -12"><span class='ocrx_word' id='word_1_12' title='bbox 68 481 92 534; x_wconf 80' lang='lat' dir='ltr'>lo</span> <span class='ocrx_word' id='word_1_13' title='bbox 135 467 273 545; x_wconf 89' lang='lat' dir='ltr'>Supplioii</span> <span class='ocrx_word' id='word_1_14' title='bbox 287 483 361 543; x_wconf 89' lang='lat' dir='ltr'>pars</span> <span class='ocrx_word' id='word_1_15' title='bbox 376 472 425 526; x_wconf 87' lang='lat' dir='ltr'>est</span> <span class='ocrx_word' id='word_1_16' title='bbox 438 466 469 526; x_wconf 91' lang='lat' dir='ltr'>in</span> <span class='ocrx_word' id='word_1_17' title='bbox 483 467 608 541; x_wconf 78' lang='lat' dir='ltr'>regione</span> <span class='ocrx_word' id='word_1_18' title='bbox 622 468 692 528; x_wconf 88' lang='lat' dir='ltr'>mei.</span> 
     </span>
     <span class='ocr_line' id='line_1_4' title="bbox 100 550 955 628; baseline 0 -14"><span class='ocrx_word' id='word_1_19' title='bbox 100 554 200 614; x_wconf 87' lang='lat' dir='ltr'>lerte...</span> <span class='ocrx_word' id='word_1_20' title='bbox 216 551 290 628; x_wconf 93' lang='lat' dir='ltr'>quid</span> <span class='ocrx_word' id='word_1_21' title='bbox 304 550 355 610; x_wconf 90' lang='lat' dir='ltr'>hio</span> <span class='ocrx_word' id='word_1_22' title='bbox 369 551 501 611; x_wconf 76' lang='lat' dir='ltr'>iaoiot...</span> <span class='ocrx_word' id='word_1_23' title='bbox 516 550 616 626; x_wconf 86' lang='lat' dir='ltr'>rapidi</span> <span class='ocrx_word' id='word_1_24' title='bbox 629 567 699 612; x_wconf 87' lang='lat' dir='ltr'>mea</span> <span class='ocrx_word' id='word_1_25' title='bbox 714 553 843 614; x_wconf 81' lang='lat' dir='ltr'>carbasa</span> <span class='ocrx_word' id='word_1_26' title='bbox 856 554 955 616; x_wconf 80' lang='lat' dir='ltr'>venti!</span> 
     </span>
     <span class='ocr_line' id='line_1_5' title="bbox 30 635 754 698; baseline 0.003 -2"><span class='ocrx_word' id='word_1_27' title='bbox 30 657 32 666; x_wconf 74' lang='lat'>‚</span> <span class='ocrx_word' id='word_1_28' title='bbox 133 637 281 698; x_wconf 89' lang='lat' dir='ltr'>Ausonios</span> <span class='ocrx_word' id='word_1_29' title='bbox 296 635 376 696; x_wconf 86' lang='lat' dir='ltr'>fines</span> <span class='ocrx_word' id='word_1_30' title='bbox 392 650 446 696; x_wconf 90' lang='lat' dir='ltr'>our</span> <span class='ocrx_word' id='word_1_31' title='bbox 459 650 529 695; x_wconf 83' lang='lat' dir='ltr'>mee</span> <span class='ocrx_word' id='word_1_32' title='bbox 542 636 614 695; x_wconf 84' lang='lat' dir='ltr'>vela</span> <span class='ocrx_word' id='word_1_33' title='bbox 627 635 754 698; x_wconf 73' lang='lat' dir='ltr'>videnti</span> 
     </span>
     <span class='ocr_line' id='line_1_6' title="bbox 30 718 962 798; baseline 0 -16"><span class='ocrx_word' id='word_1_34' title='bbox 30 729 31 742; x_wconf 63' lang='lat'>¹</span> <span class='ocrx_word' id='word_1_35' title='bbox 101 721 186 782; x_wconf 87' lang='lat' dir='ltr'>Noluit</span> <span class='ocrx_word' id='word_1_36' title='bbox 197 721 255 780; x_wconf 92' lang='lat' dir='ltr'>boo</span> <span class='ocrx_word' id='word_1_37' title='bbox 271 719 396 780; x_wconf 86' lang='lat' dir='ltr'>Caesar.</span> <span class='ocrx_word' id='word_1_38' title='bbox 432 718 526 793; x_wconf 82' lang='lat' dir='ltr'>Quid,</span> <span class='ocrx_word' id='word_1_39' title='bbox 544 734 635 794; x_wconf 88' lang='lat' dir='ltr'>quern</span> <span class='ocrx_word' id='word_1_40' title='bbox 650 720 735 796; x_wconf 87' lang='lat' dir='ltr'>sugat</span> <span class='ocrx_word' id='word_1_41' title='bbox 748 722 814 798; x_wconf 89' lang='lat' dir='ltr'>illo,</span> <span class='ocrx_word' id='word_1_42' title='bbox 830 723 962 784; x_wconf 67' lang='lat' dir='ltr'>tenetis?</span> 
     </span>
     <span class='ocr_line' id='line_1_7' title="bbox 133 802 726 880; baseline 0.002 -16"><span class='ocrx_word' id='word_1_43' title='bbox 133 804 263 880; x_wconf 87' lang='lat' dir='ltr'>Aspioiat</span> <span class='ocrx_word' id='word_1_44' title='bbox 277 805 381 866; x_wconf 89' lang='lat' dir='ltr'>vultus</span> <span class='ocrx_word' id='word_1_45' title='bbox 395 802 520 863; x_wconf 85' lang='lat' dir='ltr'>Pontica</span> <span class='ocrx_word' id='word_1_46' title='bbox 532 811 615 864; x_wconf 89' lang='lat' dir='ltr'>terra</span> <span class='ocrx_word' id='word_1_47' title='bbox 628 819 726 865; x_wconf 91' lang='lat' dir='ltr'>rneos.</span> 
     </span>
     <span class='ocr_line' id='line_1_8' title="bbox 30 887 880 966; baseline -0.004 -14"><span class='ocrx_word' id='word_1_48' title='bbox 30 903 31 914; x_wconf 61' lang='lat'>¹</span> <span class='ocrx_word' id='word_1_49' title='bbox 68 898 91 952; x_wconf 77' lang='lat' dir='ltr'>lt</span> <span class='ocrx_word' id='word_1_50' title='bbox 102 889 130 949; x_wconf 82' lang='lat' dir='ltr'>Et</span> <span class='ocrx_word' id='word_1_51' title='bbox 140 888 214 949; x_wconf 91' lang='lat' dir='ltr'>lubet</span> <span class='ocrx_word' id='word_1_52' title='bbox 228 895 257 949; x_wconf 87' lang='lat' dir='ltr'>et</span> <span class='ocrx_word' id='word_1_53' title='bbox 270 887 378 948; x_wconf 85' lang='lat' dir='ltr'>merui.</span> <span class='ocrx_word' id='word_1_54' title='bbox 413 903 486 962; x_wconf 90' lang='lat' dir='ltr'>neo,</span> <span class='ocrx_word' id='word_1_55' title='bbox 503 901 583 962; x_wconf 91' lang='lat' dir='ltr'>quae</span> <span class='ocrx_word' id='word_1_56' title='bbox 598 888 789 950; x_wconf 85' lang='lat' dir='ltr'>damnaverit</span> <span class='ocrx_word' id='word_1_57' title='bbox 803 890 880 966; x_wconf 90' lang='lat' dir='ltr'>ipse,</span> 
     </span>
     <span class='ocr_line' id='line_1_9' title="bbox 134 970 735 1048; baseline -0.005 -15"><span class='ocrx_word' id='word_1_58' title='bbox 134 972 253 1034; x_wconf 77' lang='lat' dir='ltr'>crimina</span> <span class='ocrx_word' id='word_1_59' title='bbox 267 972 394 1032; x_wconf 87' lang='lat' dir='ltr'>delendi</span> <span class='ocrx_word' id='word_1_60' title='bbox 409 973 498 1033; x_wconf 86' lang='lat' dir='ltr'>lasve</span> <span class='ocrx_word' id='word_1_61' title='bbox 511 970 635 1048; x_wconf 83' lang='lat' dir='ltr'><strong>piumve</strong></span> <span class='ocrx_word' id='word_1_62' title='bbox 649 978 735 1048; x_wconf 87' lang='lat' dir='ltr'>puto.</span> 
     </span>
     <span class='ocr_line' id='line_1_10' title="bbox 102 1056 868 1132; baseline 0.003 -16"><span class='ocrx_word' id='word_1_63' title='bbox 102 1056 128 1116; x_wconf 87' lang='lat' dir='ltr'>Si</span> <span class='ocrx_word' id='word_1_64' title='bbox 138 1065 229 1117; x_wconf 78' lang='lat' dir='ltr'>umen</span> <span class='ocrx_word' id='word_1_65' title='bbox 242 1064 314 1118; x_wconf 86' lang='lat' dir='ltr'>oeta</span> <span class='ocrx_word' id='word_1_66' title='bbox 327 1058 407 1117; x_wconf 91' lang='lat' dir='ltr'>deos</span> <span class='ocrx_word' id='word_1_67' title='bbox 420 1072 586 1132; x_wconf 80' lang='lat' dir='ltr'><strong>numquam</strong></span> <span class='ocrx_word' id='word_1_68' title='bbox 600 1057 740 1117; x_wconf 87' lang='lat' dir='ltr'>mortalia</span> <span class='ocrx_word' id='word_1_69' title='bbox 754 1056 868 1132; x_wconf 83' lang='lat' dir='ltr'>fallunt,</span> 
     </span>
     <span class='ocr_line' id='line_1_11' title="bbox 133 1139 714 1217; baseline -0.003 -15"><span class='ocrx_word' id='word_1_70' title='bbox 133 1141 257 1217; x_wconf 87' lang='lat' dir='ltr'>Aoulpa</span> <span class='ocrx_word' id='word_1_71' title='bbox 271 1141 393 1204; x_wconf 81' lang='lat' dir='ltr'>facinus</span> <span class='ocrx_word' id='word_1_72' title='bbox 409 1141 494 1202; x_wconf 90' lang='lat' dir='ltr'>soitis</span> <span class='ocrx_word' id='word_1_73' title='bbox 509 1139 621 1202; x_wconf 87' lang='lat' dir='ltr'>obesse</span> <span class='ocrx_word' id='word_1_74' title='bbox 636 1156 714 1202; x_wconf 89' lang='lat' dir='ltr'>mea.</span> 
     </span>
     <span class='ocr_line' id='line_1_12' title="bbox 101 1225 861 1302; baseline 0.003 -19"><span class='ocrx_word' id='word_1_75' title='bbox 101 1225 178 1286; x_wconf 89' lang='lat' dir='ltr'>lnmo</span> <span class='ocrx_word' id='word_1_76' title='bbox 191 1225 245 1301; x_wconf 88' lang='lat' dir='ltr'>ita,</span> <span class='ocrx_word' id='word_1_77' title='bbox 261 1225 407 1302; x_wconf 71' lang='lat' dir='ltr'>sisoius,</span> <span class='ocrx_word' id='word_1_78' title='bbox 423 1225 450 1286; x_wconf 90' lang='lat' dir='ltr'>si</span> <span class='ocrx_word' id='word_1_79' title='bbox 465 1241 514 1285; x_wconf 90' lang='lat' dir='ltr'>me</span> <span class='ocrx_word' id='word_1_80' title='bbox 528 1239 615 1287; x_wconf 90' lang='lat' dir='ltr'>meus</span> <span class='ocrx_word' id='word_1_81' title='bbox 631 1225 754 1287; x_wconf 89' lang='lat' dir='ltr'>abstulit</span> <span class='ocrx_word' id='word_1_82' title='bbox 768 1242 861 1302; x_wconf 89' lang='lat' dir='ltr'>error,</span> 
     </span>
     <span class='ocr_line' id='line_1_13' title="bbox 30 1307 833 1392; baseline -0.002 -24"><span class='ocrx_word' id='word_1_83' title='bbox 30 1389 32 1392; x_wconf 15' lang='grc' dir='ltr'>Ι</span> <span class='ocrx_word' id='word_1_84' title='bbox 60 1318 94 1370; x_wconf 87' lang='lat' dir='ltr'>lot</span> <span class='ocrx_word' id='word_1_85' title='bbox 134 1307 283 1385; x_wconf 84' lang='lat' dir='ltr'>stultaque</span> <span class='ocrx_word' id='word_1_86' title='bbox 296 1325 385 1370; x_wconf 89' lang='lat' dir='ltr'>mens</span> <span class='ocrx_word' id='word_1_87' title='bbox 400 1309 506 1386; x_wconf 90' lang='lat' dir='ltr'>nobis,</span> <span class='ocrx_word' id='word_1_88' title='bbox 521 1326 583 1371; x_wconf 94' lang='lat' dir='ltr'>non</span> <span class='ocrx_word' id='word_1_89' title='bbox 599 1311 750 1370; x_wconf 82' lang='lat' dir='ltr'>scelerata</span> <span class='ocrx_word' id='word_1_90' title='bbox 763 1311 833 1370; x_wconf 78' lang='lat' dir='ltr'>luit:</span> 
     </span>
     <span class='ocr_line' id='line_1_14' title="bbox 30 1392 822 1469; baseline 0.004 -17"><span class='ocrx_word' id='word_1_91' title='bbox 30 1441 32 1460; x_wconf 85' lang='lat'><em>,</em></span> <span class='ocrx_word' id='word_1_92' title='bbox 101 1392 248 1466; x_wconf 77' lang='lat' dir='ltr'>Quamlibet</span> <span class='ocrx_word' id='word_1_93' title='bbox 262 1411 283 1454; x_wconf 90' lang='lat' dir='ltr'>e</span> <span class='ocrx_word' id='word_1_94' title='bbox 297 1393 445 1469; x_wconf 86' lang='lat' dir='ltr'>minimis,</span> <span class='ocrx_word' id='word_1_95' title='bbox 462 1394 567 1455; x_wconf 88' lang='lat' dir='ltr'>domui</span> <span class='ocrx_word' id='word_1_96' title='bbox 581 1394 608 1454; x_wconf 91' lang='lat' dir='ltr'>si</span> <span class='ocrx_word' id='word_1_97' title='bbox 623 1394 754 1456; x_wconf 86' lang='lat' dir='ltr'>lavimus</span> <span class='ocrx_word' id='word_1_98' title='bbox 769 1394 822 1466; x_wconf 77' lang='lat' dir='ltr'>illi,</span> 
     </span>
     <span class='ocr_line' id='line_1_15' title="bbox 30 1473 731 1556; baseline -0.001 -19"><span class='ocrx_word' id='word_1_99' title='bbox 30 1473 31 1556; x_wconf 85' lang='lat' dir='ltr'>j</span> <span class='ocrx_word' id='word_1_100' title='bbox 134 1475 161 1537; x_wconf 88' lang='lat' dir='ltr'>Si</span> <span class='ocrx_word' id='word_1_101' title='bbox 173 1479 243 1539; x_wconf 88' lang='lat' dir='ltr'>salis</span> <span class='ocrx_word' id='word_1_102' title='bbox 258 1478 393 1556; x_wconf 77' lang='lat' dir='ltr'>Augusti</span> <span class='ocrx_word' id='word_1_103' title='bbox 406 1477 531 1554; x_wconf 85' lang='lat' dir='ltr'>publiea</span> <span class='ocrx_word' id='word_1_104' title='bbox 544 1479 630 1540; x_wconf 86' lang='lat' dir='ltr'>iussa</span> <span class='ocrx_word' id='word_1_105' title='bbox 643 1479 731 1539; x_wconf 81' lang='lat' dir='ltr'>mibi:</span> 
     </span>
     <span class='ocr_line' id='line_1_16' title="bbox 100 1561 763 1640; baseline 0.005 -19.618"><span class='ocrx_word' id='word_1_106' title='bbox 100 1561 152 1622; x_wconf 89' lang='lat' dir='ltr'>lloo</span> <span class='ocrx_word' id='word_1_107' title='bbox 164 1562 238 1624; x_wconf 90' lang='lat' dir='ltr'>duoe</span> <span class='ocrx_word' id='word_1_108' title='bbox 252 1563 281 1624; x_wconf 89' lang='lat' dir='ltr'>si</span> <span class='ocrx_word' id='word_1_109' title='bbox 297 1562 362 1622; x_wconf 87' lang='lat' dir='ltr'>dixi</span> <span class='ocrx_word' id='word_1_110' title='bbox 373 1563 474 1624; x_wconf 85' lang='lat' dir='ltr'>felicia</span> <span class='ocrx_word' id='word_1_111' title='bbox 488 1562 626 1636; x_wconf 78' lang='lat' dir='ltr'>saecula,</span> <span class='ocrx_word' id='word_1_112' title='bbox 642 1579 763 1640; x_wconf 84' lang='lat' dir='ltr'>proque</span> 
     </span>
     <span class='ocr_line' id='line_1_17' title="bbox 30 1645 784 1724; baseline -0.012 -12"><span class='ocrx_word' id='word_1_113' title='bbox 30 1647 32 1712; x_wconf 74' lang='lat' dir='ltr'>l</span> <span class='ocrx_word' id='word_1_114' title='bbox 133 1645 252 1708; x_wconf 81' lang='lat' dir='ltr'>caesare</span> <span class='ocrx_word' id='word_1_115' title='bbox 265 1654 338 1708; x_wconf 83' lang='lat' dir='ltr'>tura</span> <span class='ocrx_word' id='word_1_116' title='bbox 351 1647 420 1722; x_wconf 92' lang='lat' dir='ltr'>pius</span> <span class='ocrx_word' id='word_1_117' title='bbox 436 1647 682 1724; x_wconf 82' lang='lat' dir='ltr'>Caesaribusque</span> <span class='ocrx_word' id='word_1_118' title='bbox 696 1647 784 1708; x_wconf 82' lang='lat' dir='ltr'>dedi=</span> 
     </span>
     <span class='ocr_line' id='line_1_18' title="bbox 30 1727 785 1808; baseline 0 -18"><span class='ocrx_word' id='word_1_119' title='bbox 30 1727 31 1808; x_wconf 77' lang='lat'><em>3</em></span> <span class='ocrx_word' id='word_1_120' title='bbox 60 1727 126 1790; x_wconf 77' lang='lat' dir='ltr'>lttsi</span> <span class='ocrx_word' id='word_1_121' title='bbox 138 1729 187 1791; x_wconf 87' lang='lat' dir='ltr'>luit</span> <span class='ocrx_word' id='word_1_122' title='bbox 199 1731 246 1792; x_wconf 84' lang='lat' dir='ltr'>hio</span> <span class='ocrx_word' id='word_1_123' title='bbox 262 1732 384 1792; x_wconf 88' lang='lat' dir='ltr'>animus</span> <span class='ocrx_word' id='word_1_124' title='bbox 400 1732 505 1806; x_wconf 89' lang='lat' dir='ltr'>nobis,</span> <span class='ocrx_word' id='word_1_125' title='bbox 522 1732 563 1792; x_wconf 84' lang='lat' dir='ltr'>ita</span> <span class='ocrx_word' id='word_1_126' title='bbox 577 1733 693 1807; x_wconf 87' lang='lat' dir='ltr'>parcite</span> <span class='ocrx_word' id='word_1_127' title='bbox 708 1731 785 1791; x_wconf 87' lang='lat' dir='ltr'>divit</span> 
     </span>
     <span class='ocr_line' id='line_1_19' title="bbox 30 1811 837 1891; baseline -0.002 -17"><span class='ocrx_word' id='word_1_128' title='bbox 30 1811 31 1832; x_wconf 57' lang='lat'>*</span> <span class='ocrx_word' id='word_1_129' title='bbox 134 1812 289 1891; x_wconf 83' lang='lat' dir='ltr'>siminus,</span> <span class='ocrx_word' id='word_1_130' title='bbox 305 1816 366 1876; x_wconf 86' lang='lat' dir='ltr'>alto</span> <span class='ocrx_word' id='word_1_131' title='bbox 381 1817 495 1876; x_wconf 86' lang='lat' dir='ltr'>cadens</span> <span class='ocrx_word' id='word_1_132' title='bbox 511 1815 621 1876; x_wconf 87' lang='lat' dir='ltr'>obruat</span> <span class='ocrx_word' id='word_1_133' title='bbox 634 1815 718 1875; x_wconf 90' lang='lat' dir='ltr'>unda</span> <span class='ocrx_word' id='word_1_134' title='bbox 732 1820 837 1889; x_wconf 80' lang='lat' dir='ltr'>caput!</span> 
     </span>
     <span class='ocr_line' id='line_1_20' title="bbox 99 1896 1003 1982; baseline 0 -25"><span class='ocrx_word' id='word_1_135' title='bbox 99 1896 195 1974; x_wconf 86' lang='lat' dir='ltr'>lalor,</span> <span class='ocrx_word' id='word_1_136' title='bbox 211 1917 250 1960; x_wconf 90' lang='lat' dir='ltr'>an</span> <span class='ocrx_word' id='word_1_137' title='bbox 264 1900 416 1976; x_wconf 83' lang='lat' dir='ltr'>incipiunt</span> <span class='ocrx_word' id='word_1_138' title='bbox 429 1901 576 1976; x_wconf 88' lang='lat' dir='ltr'>gravidae</span> <span class='ocrx_word' id='word_1_139' title='bbox 592 1913 778 1960; x_wconf 85' lang='lat' dir='ltr'>evanescere</span> <span class='ocrx_word' id='word_1_140' title='bbox 793 1896 899 1971; x_wconf 89' lang='lat' dir='ltr'>nubes,</span> <span class='ocrx_word' id='word_1_141' title='bbox 999 1975 1003 1982; x_wconf 28' lang='grc' dir='ltr'>Ι</span> 
     </span>
     <span class='ocr_line' id='line_1_21' title="bbox 131 1984 748 2060; baseline 0 -18"><span class='ocrx_word' id='word_1_142' title='bbox 131 1984 274 2060; x_wconf 81' lang='lat' dir='ltr'>Victaque</span> <span class='ocrx_word' id='word_1_143' title='bbox 289 1985 395 2044; x_wconf 88' lang='lat' dir='ltr'>mutati</span> <span class='ocrx_word' id='word_1_144' title='bbox 414 1985 563 2060; x_wconf 85' lang='lat' dir='ltr'>frangitur</span> <span class='ocrx_word' id='word_1_145' title='bbox 575 1985 620 2044; x_wconf 89' lang='lat' dir='ltr'>ira</span> <span class='ocrx_word' id='word_1_146' title='bbox 634 1985 748 2045; x_wconf 79' lang='lat' dir='ltr'>marist</span> 
     </span>
     <span class='ocr_line' id='line_1_22' title="bbox 30 2063 813 2144; baseline 0.003 -19"><span class='ocrx_word' id='word_1_147' title='bbox 30 2063 31 2080; x_wconf 65' lang='lat'>¹</span> <span class='ocrx_word' id='word_1_148' title='bbox 99 2066 152 2126; x_wconf 89' lang='lat' dir='ltr'>Non</span> <span class='ocrx_word' id='word_1_149' title='bbox 165 2083 268 2144; x_wconf 89' lang='lat' dir='ltr'>oasus,</span> <span class='ocrx_word' id='word_1_150' title='bbox 286 2069 346 2129; x_wconf 88' lang='lat' dir='ltr'>sed</span> <span class='ocrx_word' id='word_1_151' title='bbox 359 2085 417 2128; x_wconf 92' lang='lat' dir='ltr'>vos</span> <span class='ocrx_word' id='word_1_152' title='bbox 433 2069 490 2129; x_wconf 89' lang='lat' dir='ltr'>sub</span> <span class='ocrx_word' id='word_1_153' title='bbox 507 2069 689 2129; x_wconf 82' lang='lat' dir='ltr'>condicione</span> <span class='ocrx_word' id='word_1_154' title='bbox 702 2068 813 2143; x_wconf 86' lang='lat' dir='ltr'>vocati,</span> 
     </span>
     <span class='ocr_line' id='line_1_23' title="bbox 30 2081 886 2230; baseline 0 -23"><span class='ocrx_word' id='word_1_155' title='bbox 30 2081 32 2220; x_wconf 63' lang='grc'><strong>,</strong></span> <span class='ocrx_word' id='word_1_156' title='bbox 60 2156 91 2208; x_wconf 84' lang='lat' dir='ltr'>tlt</span> <span class='ocrx_word' id='word_1_157' title='bbox 129 2151 237 2213; x_wconf 84' lang='lat' dir='ltr'>Fallere</span> <span class='ocrx_word' id='word_1_158' title='bbox 252 2169 334 2229; x_wconf 93' lang='lat' dir='ltr'>quos</span> <span class='ocrx_word' id='word_1_159' title='bbox 350 2168 412 2213; x_wconf 93' lang='lat' dir='ltr'>non</span> <span class='ocrx_word' id='word_1_160' title='bbox 427 2159 489 2230; x_wconf 89' lang='lat' dir='ltr'>est,</span> <span class='ocrx_word' id='word_1_161' title='bbox 504 2154 583 2214; x_wconf 87' lang='lat' dir='ltr'>hane</span> <span class='ocrx_word' id='word_1_162' title='bbox 598 2153 671 2213; x_wconf 90' lang='lat' dir='ltr'>mihi</span> <span class='ocrx_word' id='word_1_163' title='bbox 686 2154 770 2214; x_wconf 82' lang='lat' dir='ltr'>fertis</span> <span class='ocrx_word' id='word_1_164' title='bbox 786 2167 886 2228; x_wconf 87' lang='lat' dir='ltr'>opem.</span> 
     </span>
    </p>
   </div>
   <div class='ocr_carea' id='block_1_3' title="bbox 30 2229 935 3576">
    <p class='ocr_par' dir='ltr' id='par_1_3' title="bbox 30 2229 935 3576">
     <span class='ocr_line' id='line_1_24' title="bbox 30 2229 32 2268; baseline 0 0"><span class='ocrx_word' id='word_1_165' title='bbox 30 2229 32 2268; x_wconf 85' lang='lat' dir='ltr'>l</span> 
     </span>
     <span class='ocr_line' id='line_1_25' title="bbox 58 2273 787 2398; baseline 0.021 -30.408"><span class='ocrx_word' id='word_1_166' title='bbox 58 2273 84 2376; x_wconf 76' lang='grc'>3.</span> <span class='ocrx_word' id='word_1_167' title='bbox 99 2281 166 2380; x_wconf 69' lang='lat' dir='ltr'>Gon</span> <span class='ocrx_word' id='word_1_168' title='bbox 180 2322 263 2384; x_wconf 89' lang='lat' dir='ltr'>subit</span> <span class='ocrx_word' id='word_1_169' title='bbox 277 2323 358 2384; x_wconf 90' lang='lat' dir='ltr'>illius</span> <span class='ocrx_word' id='word_1_170' title='bbox 373 2322 548 2384; x_wconf 86' lang='lat' dir='ltr'>tristissima</span> <span class='ocrx_word' id='word_1_171' title='bbox 562 2323 661 2384; x_wconf 86' lang='lat' dir='ltr'>noetis</span> <span class='ocrx_word' id='word_1_172' title='bbox 677 2323 787 2398; x_wconf 87' lang='lat' dir='ltr'>imago,</span> 
     </span>
     <span class='ocr_line' id='line_1_26' title="bbox 30 2397 824 2512; baseline -0.001 -47"><span class='ocrx_word' id='word_1_173' title='bbox 30 2397 32 2512; x_wconf 57' lang='lat' dir='ltr'>f</span> <span class='ocrx_word' id='word_1_174' title='bbox 130 2405 188 2478; x_wconf 78' lang='lat' dir='ltr'>Qua</span> <span class='ocrx_word' id='word_1_175' title='bbox 201 2407 276 2466; x_wconf 89' lang='lat' dir='ltr'>mihi</span> <span class='ocrx_word' id='word_1_176' title='bbox 291 2423 470 2482; x_wconf 88' lang='lat' dir='ltr'>supremum</span> <span class='ocrx_word' id='word_1_177' title='bbox 482 2414 604 2483; x_wconf 89' lang='lat' dir='ltr'>ternpus</span> <span class='ocrx_word' id='word_1_178' title='bbox 619 2407 649 2467; x_wconf 94' lang='lat' dir='ltr'>in</span> <span class='ocrx_word' id='word_1_179' title='bbox 663 2407 745 2469; x_wconf 87' lang='lat' dir='ltr'>Urbe</span> <span class='ocrx_word' id='word_1_180' title='bbox 760 2405 824 2480; x_wconf 89' lang='lat' dir='ltr'>luit,</span> 
     </span>
     <span class='ocr_line' id='line_1_27' title="bbox 30 2486 874 2568; baseline 0.002 -22"><span class='ocrx_word' id='word_1_181' title='bbox 30 2519 31 2560; x_wconf 63' lang='lat'>;</span> <span class='ocrx_word' id='word_1_182' title='bbox 98 2486 157 2548; x_wconf 82' lang='lat' dir='ltr'>Corn</span> <span class='ocrx_word' id='word_1_183' title='bbox 171 2498 279 2567; x_wconf 87' lang='lat' dir='ltr'>repeto</span> <span class='ocrx_word' id='word_1_184' title='bbox 296 2499 432 2568; x_wconf 82' lang='lat' dir='ltr'>noctem,</span> <span class='ocrx_word' id='word_1_185' title='bbox 450 2508 511 2568; x_wconf 93' lang='lat' dir='ltr'>qua</span> <span class='ocrx_word' id='word_1_186' title='bbox 524 2498 569 2552; x_wconf 91' lang='lat' dir='ltr'>tot</span> <span class='ocrx_word' id='word_1_187' title='bbox 582 2491 655 2550; x_wconf 90' lang='lat' dir='ltr'>mihi</span> <span class='ocrx_word' id='word_1_188' title='bbox 671 2505 743 2550; x_wconf 86' lang='lat' dir='ltr'>oara</span> <span class='ocrx_word' id='word_1_189' title='bbox 755 2491 874 2564; x_wconf 87' lang='lat' dir='ltr'>reliqui,</span> 
     </span>
     <span class='ocr_line' id='line_1_28' title="bbox 30 2572 855 2720; baseline -0.004 -87"><span class='ocrx_word' id='word_1_190' title='bbox 30 2581 32 2720; x_wconf 54' lang='grc' dir='ltr'>Ι</span> <span class='ocrx_word' id='word_1_191' title='bbox 128 2572 249 2636; x_wconf 85' lang='lat' dir='ltr'>Labitur</span> <span class='ocrx_word' id='word_1_192' title='bbox 264 2591 305 2636; x_wconf 87' lang='lat' dir='ltr'>ex</span> <span class='ocrx_word' id='word_1_193' title='bbox 320 2576 418 2638; x_wconf 89' lang='lat' dir='ltr'>ooulis</span> <span class='ocrx_word' id='word_1_194' title='bbox 434 2592 515 2637; x_wconf 90' lang='lat' dir='ltr'>nuno</span> <span class='ocrx_word' id='word_1_195' title='bbox 531 2590 656 2651; x_wconf 89' lang='lat' dir='ltr'>quoque</span> <span class='ocrx_word' id='word_1_196' title='bbox 671 2581 755 2650; x_wconf 91' lang='lat' dir='ltr'>gutta</span> <span class='ocrx_word' id='word_1_197' title='bbox 769 2575 855 2633; x_wconf 84' lang='lat' dir='ltr'>nreis.</span> 
     </span>
     <span class='ocr_line' id='line_1_29' title="bbox 30 2653 907 2736; baseline 0.009 -26"><span class='ocrx_word' id='word_1_198' title='bbox 30 2723 31 2726; x_wconf 8' lang='grc' dir='ltr'><strong>Ἴ</strong></span> <span class='ocrx_word' id='word_1_199' title='bbox 74 2653 147 2715; x_wconf 80' lang='lat' dir='ltr'>olan</span> <span class='ocrx_word' id='word_1_200' title='bbox 159 2674 258 2736; x_wconf 87' lang='lat' dir='ltr'>prope</span> <span class='ocrx_word' id='word_1_201' title='bbox 271 2660 326 2721; x_wconf 89' lang='lat' dir='ltr'>lux</span> <span class='ocrx_word' id='word_1_202' title='bbox 341 2661 461 2736; x_wconf 88' lang='lat' dir='ltr'>oderat,</span> <span class='ocrx_word' id='word_1_203' title='bbox 479 2676 540 2736; x_wconf 92' lang='lat' dir='ltr'>qua</span> <span class='ocrx_word' id='word_1_204' title='bbox 553 2676 602 2720; x_wconf 88' lang='lat' dir='ltr'>me</span> <span class='ocrx_word' id='word_1_205' title='bbox 617 2659 778 2720; x_wconf 85' lang='lat' dir='ltr'>discedere</span> <span class='ocrx_word' id='word_1_206' title='bbox 794 2658 907 2718; x_wconf 86' lang='lat' dir='ltr'>Caesar</span> 
     </span>
     <span class='ocr_line' id='line_1_30' title="bbox 125 2740 745 2806; baseline 0.004 -7.601"><span class='ocrx_word' id='word_1_207' title='bbox 125 2740 246 2805; x_wconf 86' lang='lat' dir='ltr'>Finibus</span> <span class='ocrx_word' id='word_1_208' title='bbox 262 2751 418 2805; x_wconf 89' lang='lat' dir='ltr'>extremae</span> <span class='ocrx_word' id='word_1_209' title='bbox 432 2745 565 2806; x_wconf 89' lang='lat' dir='ltr'>iusserat</span> <span class='ocrx_word' id='word_1_210' title='bbox 579 2744 745 2806; x_wconf 82' lang='lat' dir='ltr'>Ausoniae.</span> 
     </span>
     <span class='ocr_line' id='line_1_31' title="bbox 93 2821 935 2904; baseline 0.005 -24"><span class='ocrx_word' id='word_1_211' title='bbox 93 2821 145 2883; x_wconf 88' lang='lat' dir='ltr'>lleo</span> <span class='ocrx_word' id='word_1_212' title='bbox 158 2828 292 2903; x_wconf 87' lang='lat' dir='ltr'>spatium</span> <span class='ocrx_word' id='word_1_213' title='bbox 309 2830 421 2904; x_wconf 87' lang='lat' dir='ltr'>luerat,</span> <span class='ocrx_word' id='word_1_214' title='bbox 442 2845 500 2890; x_wconf 90' lang='lat' dir='ltr'>neo</span> <span class='ocrx_word' id='word_1_215' title='bbox 514 2844 601 2889; x_wconf 90' lang='lat' dir='ltr'>mens</span> <span class='ocrx_word' id='word_1_216' title='bbox 614 2829 689 2889; x_wconf 90' lang='lat' dir='ltr'>satis</span> <span class='ocrx_word' id='word_1_217' title='bbox 704 2833 777 2903; x_wconf 88' lang='lat' dir='ltr'>apta</span> <span class='ocrx_word' id='word_1_218' title='bbox 791 2825 935 2904; x_wconf 66' lang='lat' dir='ltr'>par-andra</span> 
     </span>
     <span class='ocr_line' id='line_1_32' title="bbox 127 2908 795 2990; baseline 0.001 -23"><span class='ocrx_word' id='word_1_219' title='bbox 127 2908 318 2986; x_wconf 85' lang='lat' dir='ltr'>Torpuerant</span> <span class='ocrx_word' id='word_1_220' title='bbox 331 2914 425 2989; x_wconf 89' lang='lat' dir='ltr'>longa</span> <span class='ocrx_word' id='word_1_221' title='bbox 439 2920 566 2990; x_wconf 84' lang='lat' dir='ltr'>pectore</span> <span class='ocrx_word' id='word_1_222' title='bbox 580 2919 685 2975; x_wconf 88' lang='lat' dir='ltr'>nostra</span> <span class='ocrx_word' id='word_1_223' title='bbox 699 2927 795 2972; x_wconf 90' lang='lat' dir='ltr'>mora.</span> 
     </span>
     <span class='ocr_line' id='line_1_33' title="bbox 92 2989 876 3072; baseline 0.006 -23"><span class='ocrx_word' id='word_1_224' title='bbox 92 2989 148 3052; x_wconf 90' lang='lat' dir='ltr'>llon</span> <span class='ocrx_word' id='word_1_225' title='bbox 160 2995 236 3056; x_wconf 84' lang='lat' dir='ltr'>&#39;nrihi</span> <span class='ocrx_word' id='word_1_226' title='bbox 251 3013 429 3072; x_wconf 88' lang='lat' dir='ltr'>servorum,</span> <span class='ocrx_word' id='word_1_227' title='bbox 446 2997 564 3059; x_wconf 87' lang='lat' dir='ltr'>comitis</span> <span class='ocrx_word' id='word_1_228' title='bbox 580 3013 642 3058; x_wconf 94' lang='lat' dir='ltr'>non</span> <span class='ocrx_word' id='word_1_229' title='bbox 657 3011 731 3057; x_wconf 86' lang='lat' dir='ltr'>eura</span> <span class='ocrx_word' id='word_1_230' title='bbox 745 2993 876 3071; x_wconf 84' lang='lat' dir='ltr'>legendi,</span> 
     </span>
     <span class='ocr_line' id='line_1_34' title="bbox 60 3075 767 3158; baseline 0.003 -21"><span class='ocrx_word' id='word_1_231' title='bbox 60 3078 82 3132; x_wconf 87' lang='lat' dir='ltr'>lo</span> <span class='ocrx_word' id='word_1_232' title='bbox 124 3075 187 3139; x_wconf 93' lang='lat' dir='ltr'>Non</span> <span class='ocrx_word' id='word_1_233' title='bbox 203 3087 297 3157; x_wconf 84' lang='lat' dir='ltr'>aptae</span> <span class='ocrx_word' id='word_1_234' title='bbox 312 3083 443 3158; x_wconf 81' lang='lat' dir='ltr'>profugo</span> <span class='ocrx_word' id='word_1_235' title='bbox 460 3082 556 3144; x_wconf 87' lang='lat' dir='ltr'>veslis</span> <span class='ocrx_word' id='word_1_236' title='bbox 573 3081 683 3157; x_wconf 89' lang='lat' dir='ltr'>opisve</span> <span class='ocrx_word' id='word_1_237' title='bbox 702 3080 767 3141; x_wconf 84' lang='lat' dir='ltr'>suit.</span> 
     </span>
     <span class='ocr_line' id='line_1_35' title="bbox 88 3157 895 3243; baseline 0.007 -26"><span class='ocrx_word' id='word_1_238' title='bbox 88 3157 144 3220; x_wconf 88' lang='lat' dir='ltr'>llon</span> <span class='ocrx_word' id='word_1_239' title='bbox 160 3165 248 3225; x_wconf 88' lang='lat' dir='ltr'>aliter</span> <span class='ocrx_word' id='word_1_240' title='bbox 265 3167 385 3242; x_wconf 88' lang='lat' dir='ltr'>stupui,</span> <span class='ocrx_word' id='word_1_241' title='bbox 403 3183 494 3242; x_wconf 88' lang='lat' dir='ltr'>quarn</span> <span class='ocrx_word' id='word_1_242' title='bbox 513 3166 564 3243; x_wconf 91' lang='lat' dir='ltr'>qui</span> <span class='ocrx_word' id='word_1_243' title='bbox 580 3166 663 3227; x_wconf 89' lang='lat' dir='ltr'>lovis</span> <span class='ocrx_word' id='word_1_244' title='bbox 678 3165 799 3240; x_wconf 82' lang='lat' dir='ltr'>ignibus</span> <span class='ocrx_word' id='word_1_245' title='bbox 817 3163 895 3224; x_wconf 88' lang='lat' dir='ltr'>iotos</span> 
     </span>
     <span class='ocr_line' id='line_1_36' title="bbox 125 3245 738 3326; baseline 0.008 -23"><span class='ocrx_word' id='word_1_246' title='bbox 125 3245 207 3309; x_wconf 89' lang='lat' dir='ltr'>Vivit</span> <span class='ocrx_word' id='word_1_247' title='bbox 222 3256 316 3310; x_wconf 88' lang='lat' dir='ltr'>otest</span> <span class='ocrx_word' id='word_1_248' title='bbox 333 3252 414 3312; x_wconf 86' lang='lat' dir='ltr'>vitae</span> <span class='ocrx_word' id='word_1_249' title='bbox 428 3251 551 3313; x_wconf 84' lang='lat' dir='ltr'>nescius</span> <span class='ocrx_word' id='word_1_250' title='bbox 569 3250 637 3326; x_wconf 90' lang='lat' dir='ltr'>ipse</span> <span class='ocrx_word' id='word_1_251' title='bbox 653 3264 738 3311; x_wconf 91' lang='lat' dir='ltr'>suae.</span> 
     </span>
     <span class='ocr_line' id='line_1_37' title="bbox 91 3326 909 3408; baseline 0.002 -20"><span class='ocrx_word' id='word_1_252' title='bbox 91 3326 124 3389; x_wconf 90' lang='lat' dir='ltr'>Ut</span> <span class='ocrx_word' id='word_1_253' title='bbox 136 3335 238 3393; x_wconf 87' lang='lat' dir='ltr'>tamen</span> <span class='ocrx_word' id='word_1_254' title='bbox 253 3334 334 3395; x_wconf 90' lang='lat' dir='ltr'>hano</span> <span class='ocrx_word' id='word_1_255' title='bbox 349 3336 440 3396; x_wconf 88' lang='lat' dir='ltr'>animi</span> <span class='ocrx_word' id='word_1_256' title='bbox 455 3335 567 3396; x_wconf 88' lang='lat' dir='ltr'>nubem</span> <span class='ocrx_word' id='word_1_257' title='bbox 583 3335 671 3394; x_wconf 91' lang='lat' dir='ltr'>dolor</span> <span class='ocrx_word' id='word_1_258' title='bbox 685 3333 755 3408; x_wconf 91' lang='lat' dir='ltr'>ipse</span> <span class='ocrx_word' id='word_1_259' title='bbox 770 3331 909 3404; x_wconf 78' lang='lat' dir='ltr'>removit</span> 
     </span>
     <span class='ocr_line' id='line_1_38' title="bbox 126 3411 716 3492; baseline 0.005 -19"><span class='ocrx_word' id='word_1_260' title='bbox 126 3411 163 3474; x_wconf 81' lang='lat' dir='ltr'>Et</span> <span class='ocrx_word' id='word_1_261' title='bbox 177 3417 305 3478; x_wconf 85' lang='lat' dir='ltr'>tandem</span> <span class='ocrx_word' id='word_1_262' title='bbox 321 3435 433 3480; x_wconf 89' lang='lat' dir='ltr'>sensus</span> <span class='ocrx_word' id='word_1_263' title='bbox 449 3419 633 3480; x_wconf 84' lang='lat' dir='ltr'>convaluere</span> <span class='ocrx_word' id='word_1_264' title='bbox 647 3417 716 3492; x_wconf 89' lang='lat' dir='ltr'>mei,</span> 
     </span>
     <span class='ocr_line' id='line_1_39' title="bbox 59 3493 876 3576; baseline 0.006 -24"><span class='ocrx_word' id='word_1_265' title='bbox 59 3497 80 3552; x_wconf 85' lang='lat'>15</span> <span class='ocrx_word' id='word_1_266' title='bbox 91 3493 249 3576; x_wconf 78' lang='lat' dir='ltr'>Adloquor</span> <span class='ocrx_word' id='word_1_267' title='bbox 263 3509 432 3564; x_wconf 83' lang='lat' dir='ltr'>extrenrurn</span> <span class='ocrx_word' id='word_1_268' title='bbox 446 3509 581 3563; x_wconf 85' lang='lat' dir='ltr'>maestos</span> <span class='ocrx_word' id='word_1_269' title='bbox 598 3501 734 3564; x_wconf 87' lang='lat' dir='ltr'>abiturus</span> <span class='ocrx_word' id='word_1_270' title='bbox 749 3498 876 3570; x_wconf 78' lang='lat' dir='ltr'>auritos,</span> 
     </span>
    </p>
   </div>
   <div class='ocr_carea' id='block_1_4' title="bbox 0 0 1230 3932">
    <p class='ocr_par' dir='ltr' id='par_1_4' title="bbox 0 0 1230 3932">
     <span class='ocr_line' id='line_1_40' title="bbox 0 0 1230 3932; baseline 0 0"><span class='ocrx_word' id='word_1_271' title='bbox 0 0 1230 3932; x_wconf 95' lang='lat' dir='ltr'> </span> 
     </span>
    </p>
   </div>
  </div>
 </body>
</html>
