2450 3932
181 241 223 306 46
573 239 799 301 TRISTIUM

261 393 324 454 Nee
338 393 441 467 breve,
457 407 515 451 nee
530 399 633 465 tutum,
649 406 710 465 quo
725 392 785 452 sint
798 407 875 464 mea,
891 391 1004 464 dicere,
1019 407 1106 453 ausu

302 478 430 538 Lumina
444 476 556 536 funesti
571 475 697 536 conseia
710 475 791 536 laete
805 475 891 536 mali:

262 561 413 636 lllensque
426 560 613 632 reformidat,
629 558 722 618 veluti
737 575 795 619 sua
807 559 943 632 vulnera,
959 565 1086 635 tempus

214 656 249 712 eu
303 646 389 718 lllud,
405 651 435 705 et
449 643 605 705 admonitu
619 643 654 704 lit
667 659 767 710 nevus
783 643 852 718 ipse
868 643 972 703 dolor=

265 729 303 789 Et
317 744 531 804 quaecumque
544 728 623 789 adeo
639 733 770 803 possunt
783 727 895 788 afferre
909 727 1072 802 pudorem,

307 814 361 874 llla
375 813 435 888 tegi
451 827 544 873 eaeea
557 812 679 874 condita
693 817 783 872 noete
798 812 897 872 decet.

265 897 312 957 Nil
327 897 415 972 igitur
429 898 568 970 referam,
584 895 707 956 nisime
722 911 880 972 peccasse,
897 896 953 956 sed
968 896 1018 955 illa

306 981 444 1041 Praemia
459 987 586 1054 peceato
601 980 684 1038 nulle
699 980 794 1056 petita
808 979 890 1053 mihi,

215 1071 248 1125 35
264 1065 487 1138 stultitiamque
503 1079 604 1123 meum
617 1063 733 1123 erinren
749 1064 861 1124 debere
877 1063 989 1137 vecari,

303 1149 433 1208 Nomina
447 1147 474 1208 si
489 1147 569 1206 laeto
584 1146 716 1207 reddere
729 1161 804 1207 vera
818 1148 905 1208 velis.

264 1232 348 1306 Quae
362 1233 388 1292 si
402 1247 463 1291 lton
480 1230 521 1292 ita
535 1239 614 1305 sunt,
630 1231 729 1304 alium,
753 1248 814 1306 que
830 1231 951 1305 longius
966 1230 1078 1306 absim,

302 1315 428 1391 Quaere,
445 1315 622 1376 suburbana
636 1321 683 1374 est
696 1315 746 1374 hie
760 1315 832 1374 mihi
847 1322 928 1375 terra
941 1316 1039 1376 loeus.

203 1448 242 1540 7·
261 1445 356 1544 Vade
367 1486 539 1558 salutatum,
556 1487 657 1547 subita
674 1493 822 1561 perarata,
837 1485 984 1557 Perillam,

297 1568 418 1641 Littera,
435 1571 585 1630 sermonis
600 1571 663 1630 fida
677 1570 814 1630 ministra
827 1569 903 1628 mei!

259 1653 321 1713 Aut
336 1652 417 1712 illam
431 1654 569 1713 invenies
585 1653 666 1714 dulei
681 1669 750 1714 eum
765 1660 861 1713 matre
876 1653 1043 1722 sedentem,

304 1738 367 1796 Aut
380 1737 458 1798 inter
473 1738 567 1798 libros
582 1738 781 1812 Pieridasque
796 1753 880 1796 suas.

230 1830 246 1881 5
262 1819 413 1897 Quicquid
427 1827 507 1897 aget,
522 1839 592 1883 curn
605 1829 636 1883 te
651 1822 755 1882 scierit
767 1821 901 1894 venisse,
917 1819 1080 1893 relinquet,

307 1905 478 1979 Neomare,
496 1907 570 1982 quid
583 1907 688 1966 venias
704 1906 824 1981 quidve,
840 1903 982 1980 requiret,
997 1918 1104 1978 again.

265 1989 380 2049 Vivere
393 2005 443 2050 me
458 1991 551 2062 dices,
568 1991 625 2050 sed
639 1990 693 2061 sie,
710 1996 744 2049 ut
756 1989 861 2049 vivere
875 1987 976 2058 nolim,

306 2071 369 2132 Nee
383 2075 463 2133 mala
477 2081 537 2134 tam
552 2075 643 2148 lunga
656 2081 762 2134 nostre
776 2074 877 2134 levate
889 2087 989 2134 rnora=

265 2155 303 2215 Et
316 2161 415 2215 temen
432 2158 472 2216 ad
485 2157 601 2230 Musas,
618 2158 758 2233 quamvis
773 2171 916 2229 nocuere,
931 2154 1054 2227 reverti,

216 2245 249 2296 10
302 2239 445 2316 Aptaque
461 2241 491 2300 in
507 2243 640 2302 alternus
656 2256 767 2316 eogere
781 2241 877 2301 verba
892 2241 999 2315 pedes.

262 2323 306 2382 Tu
321 2339 454 2399 quoque,
470 2325 528 2398 die,
544 2325 653 2386 studiis
669 2325 882 2386 communibus
898 2323 1010 2398 eequid
1024 2323 1196 2400 inhaeres,

304 2407 463 2484 Doetaque
476 2425 538 2469 non
554 2409 652 2485 patrio
668 2410 804 2470 earmina
817 2424 904 2469 more
918 2407 1025 2467 eanist

261 2491 336 2551 liam
351 2492 404 2552 tibi
416 2507 485 2554 eum
500 2494 570 2554 latis
584 2509 688 2554 meres
703 2501 812 2554 natura
827 2492 957 2568 pudieus

302 2575 340 2636 lit
352 2592 438 2638 raras
454 2579 542 2638 dotes
560 2577 885 2653 ingeniumquededit.

216 2665 248 2718 15
262 2659 329 2720 Hoe
344 2675 402 2733 ego
416 2660 584 2735 Pegasidas
599 2661 714 2722 deduxi
728 2662 844 2737 primus
859 2659 1022 2731 aduenas,

207 2769 250 2784 -
303 2743 347 2802 Ne
360 2745 440 2802 male
455 2745 606 2804 ieeundae
620 2759 700 2805 vena
715 2745 830 2821 periret
843 2759 952 2820 aquae.

209 2825 379 2885 --Primus
395 2825 426 2885 id
440 2827 549 2903 aspexi
563 2828 675 2889 teneris
691 2829 722 2889 in
739 2827 864 2904 virginis
880 2827 978 2897 annis,

301 2909 404 2984 thue
418 2917 505 2985 pater
519 2918 609 2972 natae
624 2913 752 2989 duxque
768 2927 936 2986 comesque
951 2910 1002 2970 lui.

260 2992 343 3067 Ergo
357 2993 384 3052 si
399 3004 556 3057 remanent
569 2997 657 3072 ignes
672 2997 725 3058 tibi
742 2997 876 3073 pecteris
891 2995 980 3064 idem,

214 3085 248 3137 20
299 3075 373 3138 Sola
388 3084 469 3138 tuum
485 3089 572 3141 vates
586 3080 700 3141 Lesbia
713 3082 816 3141 vincet
830 3095 920 3155 opus.

263 3159 324 3221 Sed
340 3177 458 3237 vereor,
474 3180 514 3224 ne
530 3172 558 3224 te
573 3181 643 3224 mea
657 3181 739 3226 nune
754 3166 877 3225 lortuna
890 3161 1032 3235 retardet,

300 3244 437 3320 Postque
452 3263 539 3308 meos
555 3265 647 3310 casus
662 3249 702 3309 sit
716 3249 768 3309 tibi
786 3255 894 3323 peetus
909 3247 1002 3306 iners.

261 3329 339 3389 Dum
354 3328 446 3414 licuit,
461 3336 513 3392 tua
528 3347 624 3407 saepe
637 3333 719 3407 mihi,
734 3333 788 3394 tibi
803 3337 910 3392 nostre
923 3328 1082 3404 legebam:

304 3410 406 3488 Saepe
421 3415 463 3474 tui
477 3416 580 3489 ludex,
597 3432 693 3492 saepe
707 3417 854 3490 magister
866 3429 967 3474 eram:

213 3504 247 3558 le
262 3497 324 3557 Aut
337 3511 396 3571 ego
412 3499 597 3574 praebebam
613 3501 700 3562 lactis
716 3501 808 3561 modo
823 3497 967 3560 versibus
982 3511 1090 3571 aures,
