2492 3926
413 174 465 248 lv,
489 171 631 248 ele-v,
655 175 704 240 26.

134 325 205 386 Exit
221 323 296 384 etin
311 315 409 384 Maias
424 339 545 386 sacrum
558 323 678 386 Florale
691 325 857 388 Kalendas.

175 408 260 468 Tunc
274 413 421 482 repetam.
450 425 530 468 nunc
543 423 592 468 me
607 410 753 484 grandius
768 419 858 487 urget
872 427 963 486 opus.

133 493 232 553 Anien
245 493 342 552 Vesta
357 490 452 550 diem!
484 491 609 566 Cognati
623 493 721 553 Vesta
733 501 858 571 recepta
872 501 920 556 est

56 587 122 642 950
177 575 305 636 Limine.
334 574 379 636 sio
394 575 465 636 iusti
480 575 665 637 constituere
679 582 793 652 patres.

131 659 277 720 Phoebus
292 657 383 718 habet
397 665 529 734 purtem:
557 661 673 722 Vestae
687 676 760 736 pars
776 661 870 722 altera
885 662 994 725 cassita

176 743 266 816 Quod
281 749 423 819 superest
441 743 516 816 illis,
532 743 639 804 tertius
654 743 723 820 ipse
737 751 828 805 tenet.

133 825 217 886 State
231 826 385 888 Palatinae
400 827 518 901 laurus,
534 833 755 904 praetextaque
771 844 886 904 quercu

175 909 241 970 Stet
256 907 374 970 domus.
403 915 544 970 aeternos
559 917 621 970 tres
636 910 729 972 habet
742 927 803 971 una
818 912 905 976 deos.

452 1049 664 1066 *tn-*qu-

342 1172 498 1255 Lllllllt
535 1172 768 1264 tataros·

135 1293 309 1403 Quaeritis
325 1331 406 1390 unde
422 1338 523 1406 putem
538 1329 619 1390 Maio
636 1331 707 1392 data
722 1332 845 1393 nonrina
860 1333 979 1394 mensit

175 1415 242 1474 Non
258 1414 332 1475 satis
349 1422 396 1474 est
409 1413 527 1490 liquido
548 1414 671 1488 cognita
686 1430 781 1475 causa
795 1415 878 1476 mihi.

130 1499 171 1559 Ut
185 1505 260 1574 stat,
276 1505 305 1557 et
319 1499 451 1560 incertus
468 1513 529 1572 qua
543 1497 583 1558 sit
597 1497 670 1569 sibi,
687 1499 800 1572 nescit,
817 1499 958 1574 eundum,

177 1582 250 1642 Cum
266 1581 349 1641 videt
363 1597 403 1642 ex
417 1582 498 1642 omni
515 1589 603 1656 parte
617 1581 716 1642 viator
730 1581 800 1642 iter=

103 1678 119 1730 5
137 1665 205 1737 Sic,
222 1666 295 1739 quia
307 1681 403 1739 posse
423 1665 511 1724 datur
527 1665 667 1725 diversas
685 1665 816 1728 reddere
830 1680 952 1740 causas,

176 1748 242 1822 Qua
256 1749 351 1824 ferar,
366 1748 488 1822 ignoro,
508 1749 661 1824 copiaque
675 1749 745 1824 ipsa
759 1755 858 1808 nocet.

133 1833 244 1906 Dicite,
261 1847 341 1907 quae
356 1832 456 1892 sontes
471 1831 686 1908 Aganippidos
701 1831 923 1907 Hippocrenes,

176 1915 267 1974 Grata
284 1914 441 1976 Medusaei
457 1915 545 1990 signa
559 1916 667 1977 toneds
683 1916 769 1992 equit

133 1999 317 2060 Dissensere
333 1999 419 2060 deae.
448 1999 580 2073 Quarum
594 1998 797 2077 Polyhymnia
813 1999 914 2074 coepit

87 2091 117 2142 to
172 2082 281 2142 Prima.
309 2083 399 2143 silent
413 2082 505 2157 aliae,
522 2083 664 2158 dictaque
678 2089 778 2144 mente
794 2089 907 2144 notant.

134 2165 219 2226 ‘Post
239 2166 344 2241 chace,
360 2174 393 2228 ut
406 2167 537 2244 prinlum
552 2168 623 2226 data
639 2174 710 2228 sunt
723 2167 780 2228 tria
796 2182 928 2241 corpora
941 2167 1062 2235 inundo,

175 2250 272 2324 lnqne
289 2266 387 2311 novas
402 2250 524 2326 specics
545 2265 635 2310 omne
649 2252 779 2310 recessit
795 2267 885 2326 opus,

132 2333 273 2393 Pondere
288 2340 369 2394 terra
383 2335 440 2395 suo
456 2333 598 2395 subsedit
612 2341 642 2394 el
654 2349 791 2409 aequora
806 2333 911 2392 traxit:

176 2418 216 2476 At
231 2419 349 2478 caeluni
364 2418 472 2478 levitas
489 2418 520 2476 in
534 2419 603 2478 loca
617 2433 736 2478 summa
750 2417 825 2476 tulit.

86 2504 115 2554 15
133 2498 185 2558 Sol
203 2515 326 2575 quoquc
341 2517 409 2562 cunr
425 2501 521 2562 stellis
537 2503 620 2561 nulla
636 2502 784 2576 gravitate
799 2505 933 2559 retentus

174 2583 213 2642 Et
231 2600 290 2645 vos
307 2585 442 2645 Lunares
457 2584 608 2646 exiluistis
628 2585 710 2659 equi.

135 2665 198 2725 Sed
213 2682 315 2742 neque
328 2669 421 2727 Terra
437 2667 489 2728 din
504 2667 610 2742 Caelo,
626 2683 684 2727 nec
699 2675 801 2727 cetera
815 2665 938 2728 Phoebo

177 2748 285 2810 Sidera
300 2751 459 2811 cedebant.
490 2768 547 2828 par
561 2759 626 2813 erat
640 2752 738 2811 omnis
753 2750 865 2810 honos

135 2831 237 2908 Saepe
251 2835 360 2910 aliquis
379 2835 472 2906 solio,
490 2836 574 2908 quod
590 2843 635 2908 tu,
652 2834 795 2909 Saturne,
810 2832 946 2908 tenebas

82 2927 117 2979 20
174 2918 280 2977 Ausus
298 2918 336 2978 de
351 2917 451 2978 media
468 2918 557 2993 plebe
572 2919 682 2977 sedere
698 2919 785 2978 deus.

133 2999 170 3058 Et
185 2999 264 3060 latus
283 3000 404 3061 Oceano
422 3002 562 3076 quamvis
578 3002 654 3062 deus
671 3002 792 3061 advena
806 3000 912 3072 iunxit,

176 3082 291 3160 Tethys
307 3092 444 3145 extremo
461 3101 556 3162 saepe
571 3091 696 3162 recepta
710 3087 780 3145 loeo
796 3092 857 3144 est=

135 3167 240 3226 Donec
251 3167 359 3228 Honor
374 3168 561 3244 placidoque
577 3169 691 3229 decens
705 3165 889 3228 ReverentIa
903 3169 988 3227 voltu

178 3249 314 3325 Corpora
323 3252 470 3326 *legitimis
486 3253 654 3328 inposuere
668 3251 753 3312 toris.

17 3373 18 3376 κ
83 3340 115 3393 25
131 3331 207 3392 Hinc
224 3341 291 3394 sata
304 3335 465 3411 Maiestas,
483 3351 562 3412 quae
576 3336 721 3397 mundum
735 3340 883 3410 temperat
898 3347 1033 3392 omnems

177 3415 305 3492 Quaque
321 3419 370 3478 die
386 3426 474 3494 partu
489 3427 535 3479 est
550 3421 648 3494 edita,
663 3434 774 3494 magna
789 3417 844 3478 init
