2450 3932
554 208 783 271 TRISTIUM

272 359 413 420 cumina
426 375 484 420 nec
499 360 590 422 siccis
605 361 746 436 perlegat
759 361 818 422 ista
832 361 930 437 genis,

227 443 265 505 Et
278 443 387 504 tacitus
402 458 521 520 secum,
544 461 584 504 ae
599 445 669 520 quis
683 445 781 506 malus
797 445 917 522 audiat,
933 451 1026 522 optet,

180 535 216 591 30
272 526 318 588 Sit
331 543 400 588 mea
413 528 505 588 lenito
522 529 653 589 Caesare
666 544 769 605 poena
781 528 895 590 ninom

230 611 294 672 Nos
311 626 446 688 quoque,
464 613 606 688 quisquis
623 613 687 688 crit,
702 629 742 672 ne
757 613 798 674 sit
811 614 906 675 miser
920 614 998 690 ipse,
1014 627 1183 689 precamur,

271 694 412 756 Placatos
427 696 540 757 misero
557 696 609 772 qui
622 698 790 768 voletessc
805 699 894 759 deos.

231 778 378 856 Quaeque
391 781 489 856 volet,
505 787 572 841 rata
587 780 664 854 sint,
680 780 844 858 ablataque
857 780 1008 859 principis
1024 780 1069 840 ira

275 862 408 926 Sedibus
422 863 453 924 in
467 865 574 939 patriis
589 865 640 926 det
653 865 728 925 mihi
741 882 840 941 posse
853 867 941 927 mori.

180 955 216 1011 55
230 947 270 1009 Ut
284 965 416 1025 peragas
431 949 590 1024 mandata,
605 949 697 1023 liber,
715 950 881 1026 culpabere
896 952 1002 1013 forsan

274 1032 454 1109 Ingeniique
468 1031 568 1093 minor
580 1032 673 1093 laude
687 1034 787 1094 ferere
801 1035 872 1094 mei.

231 1116 344 1176 iudicis
361 1115 498 1176 ollicium
512 1122 560 1177 est
574 1123 605 1176 ut
619 1133 685 1189 res,
701 1119 744 1178 ita
757 1125 898 1195 tempora
911 1117 1020 1178 rerum¹

274 1198 435 1272 Quaerere.
472 1201 613 1276 quaesito
629 1207 768 1279 tempore
778 1209 861 1264 tutus
876 1203 948 1263 eris.

232 1282 372 1342 carmina
386 1284 571 1358 proveniunt
585 1284 685 1344 animo
702 1286 835 1348 deducta
848 1301 977 1348 sereno:

183 1373 218 1428 40
272 1365 383 1425 Nubila
397 1373 468 1428 sunt
480 1368 590 1429 subitis
605 1376 745 1445 tempora
759 1377 865 1432 nostra
875 1371 975 1431 malis.

233 1449 374 1509 camnine
387 1466 548 1512 secessum
563 1453 726 1516 scribentis
741 1463 772 1516 et
788 1456 850 1517 otia
865 1461 1029 1531 quaerunt=

270 1531 321 1592 Me
334 1549 434 1610 mare,
449 1552 499 1596 mc
513 1538 611 1614 venti,
626 1555 676 1598 me
691 1541 757 1600 iera
770 1541 861 1600 iactat
874 1539 983 1599 hiems.

232 1616 422 1679 carminibus
436 1627 535 1681 metus
551 1623 651 1683 omnis
667 1624 765 1684 obest.
801 1639 859 1698 ego
874 1623 1012 1700 perditus
1028 1637 1139 1682 ensem

273 1700 448 1764 Haesurum
458 1705 564 1782 iugulo
576 1707 638 1766 iam
652 1714 726 1784 puto
742 1708 865 1783 iamque
878 1722 957 1768 meo.

182 1791 215 1847 45
229 1786 315 1846 ilaec
329 1803 456 1865 quoque
465 1791 556 1865 quod
570 1792 667 1866 facio,
687 1792 780 1853 iudex
792 1791 949 1852 mirabitur
960 1807 1090 1870 aequuS,
1204 1829 1206 1836 ·

275 1869 459 1948 Scriptaque
474 1890 544 1934 cum
557 1877 650 1935 venia
666 1877 903 1951 qualiacumque
917 1878 1007 1951 leget.

229 1953 277 2013 Da
291 1954 364 2014 mihi
378 1955 562 2018 Maeoniden
578 1966 608 2017 et
621 1966 667 2018 tot
679 1960 883 2037 circumspice
897 1975 999 2034 casua,
1151 1992 1192 2006 -

274 2036 434 2111 Ingenium
447 2041 539 2102 tantis
556 2043 678 2103 excidet
694 2059 784 2105 omne
799 2045 898 2106 malis.

231 2119 372 2196 Denique
383 2137 511 2185 securus
526 2126 639 2202 famae,
653 2125 746 2202 liber,
761 2129 806 2188 ire
821 2136 983 2204 memento,
1217 2137 1218 2188 l

159 2275 161 2280 ,
182 2213 216 2266 5ο
272 2203 335 2263 Nec
346 2204 400 2266 tibi
415 2207 455 2268 sit
467 2208 547 2270 lecto
563 2209 761 2288 displicuisse
771 2214 883 2288 pudor.

231 2287 298 2349 Non
312 2287 354 2349 ita
367 2305 403 2351 se
414 2290 504 2352 nobis
518 2293 646 2371 praebet
659 2297 780 2357 fortuna
795 2297 971 2372 secundam,

272 2374 313 2434 Ut
326 2373 382 2434 tibi
397 2376 438 2436 sit
450 2377 527 2438 ratio
543 2378 645 2440 laudis
660 2379 806 2441 habenda
819 2387 899 2440 tuae.

231 2459 338 2519 Donec
354 2475 438 2521 eram
453 2476 583 2538 sospes,
599 2464 676 2524 tituli
690 2464 839 2541 tangebar
853 2481 967 2539 amore,

274 2542 511 2622 Quaerendique
524 2547 598 2607 mihi
613 2549 745 2609 nominis
761 2551 854 2609 ardor
867 2557 941 2610 erat.

184 2635 217 2690 55
233 2629 373 2689 Carmina
388 2645 469 2688 nunc
484 2631 510 2687 si
526 2646 588 2689 non
603 2632 817 2707 studiumque,
835 2634 918 2707 quod
934 2631 1047 2707 obluit,
1063 2635 1133 2711 odi,

275 2711 320 2772 Sit
335 2713 421 2773 satis.
454 2712 577 2787 ingenio
593 2715 639 2773 sic
654 2716 727 2790 luga
740 2723 829 2792 porta
842 2733 921 2778 meo.

225 2796 244 2854 -l
259 2803 359 2856 tamen
375 2804 405 2857 et
418 2813 475 2873 pro
490 2813 539 2858 me
554 2804 602 2873 tu,
618 2798 667 2858 cui
681 2799 767 2876 licet,
782 2802 888 2877 aspice
902 2801 1045 2861 Romam:

273 2879 309 2942 Di
326 2882 477 2958 tacerent,
492 2899 619 2959 possem
634 2900 716 2945 nunc
731 2888 819 2947 meus
836 2901 906 2946 csse
921 2885 1007 2947 liber.

231 2966 294 3027 Nec
308 2972 351 3039 te,
368 2967 454 3042 quod
467 2971 575 3030 venias
589 2986 731 3046 magnam
746 2966 926 3047 peregrinus
940 2971 971 3030 in
985 2969 1114 3045 Urbem,

184 3059 218 3114 60
272 3052 412 3126 Ignotum
425 3054 542 3130 populo
555 3071 651 3130 posse
665 3055 770 3115 venire
784 3061 867 3130 puta.

231 3138 271 3199 Ut
284 3135 370 3196 titulo
386 3152 508 3211 careas,
525 3139 594 3214 ipso
610 3155 740 3200 noscere
755 3140 869 3200 colore.

274 3220 477 3283 Dissimulare
490 3224 584 3300 velis,
600 3231 630 3285 te
643 3225 740 3299 liquet
751 3240 823 3285 esse
837 3238 948 3284 meum.

234 3306 318 3368 Clam
331 3311 434 3366 tamen
449 3309 575 3392 intrato,
592 3324 631 3368 ne
646 3316 676 3370 te
690 3324 760 3368 mea
774 3308 909 3368 carmina
923 3306 1060 3366 laedont=

274 3391 342 3452 Non
357 3399 428 3452 sunt
440 3398 475 3452 ul
489 3393 645 3470 quondam
659 3395 751 3469 plena
765 3393 881 3454 lavaris
898 3396 992 3451 erant.

186 3485 219 3540 65
235 3477 265 3538 Si
283 3475 353 3554 quis
369 3476 439 3552 erit,
458 3477 555 3552 quite
588 3479 660 3552 quia
674 3479 718 3538 sis
732 3494 835 3552 meus,
852 3491 924 3549 csse
938 3473 1103 3551 legendum
