2372 3928
341 217 383 292 ll,
408 217 583 284 trouble.
912 225 974 290 227

64 372 104 434 sie
116 372 232 443 inrum,
247 370 294 431 sie
309 386 406 446 saepe
422 371 544 437 cadunt.
575 370 632 434 Ubi
647 370 770 436 vincere
783 383 889 452 aperte

95 456 153 515 lton
168 455 268 529 datur,
283 454 413 516 insidias
428 469 575 530 aruaque
589 461 669 516 tecta
684 465 800 531 peram.

21 549 54 603 tle
65 541 177 615 tempus
191 546 264 598 erat.
293 539 393 614 compi
409 538 593 602 claudebant
605 538 711 602 ultima
725 541 820 604 nobes

98 623 230 697 Silvaque
244 628 406 698 recumbas
424 623 566 684 occulere
580 628 652 698 apta
666 623 757 684 ieras.

65 708 91 765 lu
103 706 193 766 medio
205 720 326 782 peuces
341 713 539 781 ermerrleque
553 722 622 768 rara
636 707 818 784 relinquunt,

98 791 191 851 cetera
205 789 344 865 virgultis
359 788 464 850 abdita
477 789 566 850 turba
579 791 661 852 latet.

65 875 129 934 llaec
143 875 220 934 velut
234 880 355 934 torrens
370 874 461 934 undis
477 873 662 949 pluvialibus
678 882 799 950 auctus,

25 960 57 1012 bn
96 959 149 1017 Ant
161 958 243 1033 nive,
261 973 343 1032 quae
357 959 495 1035 zephyro
513 957 592 1019 victe
606 964 729 1033 tepente
744 957 820 1032 flul,

65 1041 107 1100 Per
120 1047 178 1101 sata
191 1056 309 1117 perque
323 1041 391 1104 vias
413 1043 522 1115 lentur,
539 1056 612 1116 nec,
628 1048 743 1104 utente
758 1044 886 1117 solebat,

95 1125 226 1199 Riparurn
241 1126 365 1186 clauses
379 1125 515 1202 margine
530 1125 596 1186 linit
610 1141 722 1200 aquast

67 1207 105 1268 Sic
116 1207 191 1268 labii
204 1210 318 1270 vallem
328 1209 397 1270 latis
412 1207 603 1272 discursibus
618 1209 752 1285 implent„

96 1291 230 1370 Quodque
244 1293 364 1368 vident,
381 1301 527 1356 sternunt.
556 1308 614 1354 neo
628 1301 727 1356 metus
742 1295 818 1356 alter
829 1295 918 1359 inest.

26 1385 56 1438 lb
67 1375 116 1448 Quo
128 1376 217 1451 ruitis,
235 1392 391 1453 geuewsa
406 1378 537 1438 domest
559 1379 638 1440 male
654 1379 779 1442 creditis
792 1379 881 1442 besti.

95 1459 215 1536 Simplex
229 1461 391 1537 nobilitas,
409 1462 529 1538 perfida
542 1463 603 1524 tela
617 1470 708 1524 cavet

67 1541 161 1604 lnude
174 1546 250 1622 perit
265 1545 372 1606 virtue.
401 1547 434 1606 ln
448 1552 573 1622 apertos
587 1545 724 1620 undique
739 1561 866 1622 campos

97 1626 244 1690 Prosiliunt
257 1631 381 1704 hostes,
397 1637 428 1692 et
441 1632 520 1692 latus
536 1645 627 1690 omne
641 1636 752 1692 tenent.

68 1709 125 1783 Quid
139 1711 244 1776 iaciant
258 1715 350 1790 pauci
365 1721 471 1775 conus
485 1720 529 1775 tot
542 1713 624 1774 milia
639 1714 754 1776 iortest

28 1807 60 1861 lit
99 1793 214 1872 Quidve,
231 1797 320 1873 quod
334 1798 365 1858 io
379 1798 492 1860 misero
507 1805 645 1874 tempore
659 1805 766 1873 restet,
780 1797 911 1860 babenti

70 1874 133 1938 Sicut
145 1896 215 1956 aper
228 1882 326 1958 longe.
338 1881 424 1942 silvis
438 1880 642 1942 Laurentibus
658 1889 744 1942 actus

15 1957 16 1970 ¹
97 1959 238 2034 luniaco
255 1965 373 2026 celeres
388 1965 519 2041 dissipat
534 1980 588 2025 ore
602 1980 705 2040 canes,

69 2042 124 2104 linx
135 2055 228 2108 tamen
242 2049 420 2126 ipsepcrit,
438 2049 483 2109 sio
498 2065 560 2110 uon
575 2049 743 2110 moriuntur
756 2049 851 2112 inulti.

99 2130 283 2210 Vulneraque
297 2133 413 2194 eltcrnc
423 2133 562 2207 dantque
575 2132 737 2209 feruntque
751 2149 853 2197 mauu.

30 2219 60 2273 tit
70 2211 121 2272 Ure
133 2215 193 2276 dies
205 2216 320 2278 Fabios
335 2216 376 2278 ad
390 2215 502 2278 bellrun
516 2215 640 2280 miserat
655 2232 778 2282 ornnes:

99 2297 140 2357 lid
151 2298 261 2362 bellum
276 2302 392 2362 ndssos
407 2299 539 2376 perdidit
551 2316 613 2361 una
625 2300 704 2363 dies.

69 2377 97 2438 llt
106 2386 194 2444 tamen
207 2385 379 2447 Heracleae
398 2390 599 2462 superessent
613 2385 730 2448 semine
745 2385 853 2461 gentis,

98 2463 231 2529 Credibile
246 2475 296 2536 est
312 2469 399 2546 ipsos
415 2467 611 2531 consuliusse
622 2468 711 2532 deos.

69 2543 125 2608 Nam
137 2565 208 2624 pner
220 2552 363 2630 impubes
380 2559 412 2614 et
424 2553 525 2614 adhuc
539 2567 601 2614 non
616 2553 698 2616 utilis
711 2553 804 2616 urnis

32 2629 62 2685 llo
99 2629 172 2694 tluus
186 2636 225 2696 de
237 2636 334 2698 Fabia
346 2645 437 2714 geute
450 2636 574 2699 relictus
590 2642 669 2698 erata

67 2709 207 2780 Selinous
220 2737 334 2797 posses
350 2721 422 2783 olim
435 2727 482 2792 tu,
498 2721 646 2796 Maxime,
662 2719 757 2793 nesci,

17 2839 19 2882 ς
98 2797 141 2860 Cui
154 2805 389 2868 rescunotnndo
403 2805 591 2868 restituenda
606 2805 694 2870 roret·
775 2888 777 2894 Ι

401 2937 451 3002 14,
474 2939 530 3000 ΕΝ

18 3105 20 3112 ,
66 3047 218 3118 nonnata
232 3058 302 3119 loco
316 3059 375 3119 trie
389 3059 505 3142 sidera,
521 3059 639 3120 corveas
654 3065 685 3120 et
696 3059 826 3134 Anguis,

18 3163 20 3182 ι
93 3134 124 3196 u
136 3141 252 3204 medius
267 3141 371 3202 Crater
385 3143 463 3202 iuter
479 3149 642 3219 utrumqne
656 3142 746 3205 iacet.

18 3185 153 3314 {nullibus
167 3223 218 3286 illa
231 3226 333 3288 latent.
362 3226 498 3288 oriuntur
511 3233 601 3288 noete
617 3227 768 3306 sequenti.

19 3317 21 3374 t
82 3301 171 3378 ¹tienne
185 3308 243 3371 sibi
258 3325 313 3372 cur
324 3309 384 3370 trio
397 3310 458 3372 sint
472 3311 666 3387 consociata,
682 3325 799 3372 mnam.

19 3377 21 3460 l
66 3380 138 3448 torte
150 3390 214 3454 lovi
226 3393 370 3457 Phoebus
384 3395 496 3456 festum
511 3396 658 3460 sollemne
672 3395 829 3472 perabat..

96 3469 154 3534 llou
167 3475 259 3540 iaciat
270 3479 381 3554 longas
396 3479 498 3586 labala
512 3487 617 3542 nostra
632 3495 768 3624 morales

21 3546 25 3623 i
