2394 3940
399 251 428 292 v.
449 231 627 299 aaa-297.

45 401 86 455 ato
130 391 274 465 Expertus
290 386 394 447 scelus
413 392 461 447 est
475 386 562 447 euius
577 392 706 462 uterque
720 403 848 463 parens:

96 474 187 549 Qualis
202 475 274 544 erat,
290 477 455 545 postquam
470 476 518 530 est
531 470 625 531 iudex
640 471 679 530 de
694 470 745 532 lite
759 472 866 532 iocosa

132 556 278 634 Sumptus,
301 554 466 629 Apollinea
481 554 582 614 clarus
597 554 626 613 in
643 562 707 614 arte
722 571 833 615 senex:

96 641 188 716 Qualis
203 645 231 700 et
244 638 315 714 ipse
330 638 393 710 luit,
414 652 475 711 quo
493 637 700 713 praecipiente
715 637 856 700 columba

129 725 180 784 Est
193 723 261 783 data
275 721 430 782 Palladiae
445 720 571 797 praevia
584 721 709 797 duxque
724 724 795 783 ralia

44 813 85 868 lit
97 809 204 883 Quique
217 807 314 866 oculis
330 805 442 879 caruit,
457 819 514 880 per
529 819 607 878 quos
620 806 698 865 male
712 806 833 867 viderat
846 823 963 880 aurum,

133 891 254 951 Inferias
268 895 341 949 nato
359 904 438 964 quos
454 888 539 949 dedit
554 887 631 948 orba
646 904 774 964 parens:

95 972 195 1035 Pastor
206 980 239 1033 ut
251 974 422 1046 Aetnaeus,
439 973 486 1034 cui
502 987 595 1032 casus
611 979 681 1033 ante
697 974 815 1034 laturos

132 1058 265 1118 Telemus
280 1056 465 1133 Eurymides
479 1057 661 1117 vaticinatus
676 1063 759 1117 erat:

97 1141 132 1200 Ut
145 1142 204 1202 duo
217 1141 378 1214 Phinidae,
395 1138 506 1216 quibus
522 1140 603 1199 idem
618 1141 718 1201 lumen
735 1142 855 1213 ademit,

47 1228 87 1285 ilc
135 1225 188 1299 Qui
202 1224 294 1285 dedit.
310 1230 343 1284 ut
356 1223 527 1302 Thamyrae
540 1224 771 1300 Demodocique
787 1230 889 1300 caput.

97 1307 141 1369 Sic
156 1309 262 1384 aliquis
276 1314 329 1368 tua
346 1308 483 1368 membra
498 1316 591 1384 secet,
615 1307 765 1370 Saturnus
779 1316 813 1371 ut
827 1310 895 1370 illas

134 1391 292 1452 Subsecuit
305 1397 424 1468 partes,
439 1391 520 1451 unde
536 1398 655 1452 creatus
670 1400 743 1453 erat

97 1475 151 1536 Nec
164 1473 214 1535 tibi
229 1476 269 1536 sit
284 1475 391 1535 melior
404 1475 527 1535 tumidis
541 1475 700 1552 Neptunus
715 1477 744 1536 in
759 1477 859 1552 undis,

134 1559 223 1633 Quam
237 1560 287 1620 cui
302 1565 372 1620 sunt
386 1556 505 1618 subitae
520 1560 612 1619 irater
626 1566 656 1619 et
669 1575 749 1620 uxor
763 1575 853 1620 anese

50 1650 87 1703 tta
99 1641 271 1720 Sollertique
284 1643 368 1717 viro,
384 1643 504 1702 lacerae
520 1658 610 1718 quem
626 1643 720 1703 tracta
735 1649 887 1703 tenentem

132 1726 263 1787 Membra
275 1726 351 1786 ratis
368 1724 504 1787 Semeles
520 1733 568 1786 est
582 1727 726 1786 miserata
740 1742 839 1786 soror.

97 1811 146 1868 Vel
159 1817 222 1884 tua,
239 1826 278 1870 ne
293 1825 414 1885 poenae
428 1825 525 1884 genus
540 1809 601 1870 hoc
616 1811 793 1885 cognoverit
806 1826 895 1885 unus,

130 1895 255 1954 Viscera
271 1892 402 1954 diversis
418 1894 519 1955 scissa
535 1886 668 1955 sciantur
682 1893 784 1971 equisz

96 1977 145 2036 Vel
160 1993 252 2054 quae,
271 1977 322 2053 qui
337 1977 444 2037 redimi
458 1979 597 2038 Romano
612 1985 700 2054 turpe
716 1977 841 2054 putavit,

49 2065 87 2118 tat
130 2062 158 2122 Α
171 2061 249 2121 duce
262 2061 395 2122 Puniceo
410 2062 550 2138 pertulit,
567 2062 635 2138 ipsc
650 2064 742 2124 ieras.

96 2144 149 2204 Nec
162 2144 213 2204 tihi
229 2145 370 2206 subsidio
386 2161 535 2223 praesens
552 2147 592 2206 sit
605 2163 732 2222 numen,
748 2153 781 2207 ut
794 2145 845 2219 illi,

131 2228 180 2289 Gui
194 2229 236 2289 nil
249 2228 378 2290 Rhoetei
394 2229 507 2306 proluit
521 2245 574 2290 ara
587 2231 682 2292 Iovis.

95 2311 185 2388 thue
200 2313 286 2374 dedit
300 2315 396 2374 saltus
412 2314 452 2374 de
467 2330 585 2374 summa
598 2315 765 2376 Thessalus
782 2313 871 2391 Ossa,

128 2397 169 2456 iu
185 2411 309 2473 quoque
323 2413 439 2460 saxoso
455 2397 655 2475 praecipitere
668 2399 749 2473 iugo.

48 2483 85 2538 lta
96 2477 150 2538 hul
162 2481 245 2541 velut
258 2481 399 2559 Euryali,
417 2483 468 2558 qui
484 2489 638 2558 sceptrum
654 2482 735 2558 cepit
749 2481 787 2542 ab
802 2481 863 2555 illo,

130 2562 194 2624 Sint
207 2572 290 2626 artus
306 2565 405 2626 avidis
421 2566 571 2642 anguibus
587 2581 659 2626 esca
673 2567 725 2627 tui.

92 2646 143 2707 Vel
157 2653 208 2708 tua
222 2656 366 2725 maturet,
382 2649 462 2711 sicut
475 2651 591 2711 Minoia
605 2652 675 2722 iata,

128 2730 184 2792 Per
199 2740 292 2808 caput
306 2733 427 2795 inlusae
442 2735 578 2797 lervidus
593 2735 703 2796 humor
717 2747 827 2808 aquae.

94 2813 188 2889 thue
203 2833 332 2892 operum
347 2817 444 2894 mitis,
461 2819 516 2878 sed
532 2836 593 2879 non
609 2820 748 2894 impune,
763 2815 969 2890 Prometheus,

44 2903 83 2956 tto
126 2899 233 2962 Aerias
249 2903 392 2963 volucres
408 2903 557 2978 sanguine
572 2903 653 2964 fixus
669 2905 743 2964 alas.

93 2981 147 3042 hut
161 2985 243 3045 velut
256 2985 431 3060 Etracides,
448 3003 559 3062 magno
574 2994 620 3047 ter
634 2987 672 3046 ab
687 2984 816 3046 Hercule
832 2985 1014 3060 quintus,-

130 3067 244 3128 Caesus
260 3069 290 3128 in
306 3069 476 3131 inmensum
493 3071 643 3148 proiciare
658 3071 776 3131 iretum.

91 3148 145 3209 hut
158 3158 191 3212 ut
204 3152 409 3230 Amyntiaden
425 3155 503 3231 turpi
520 3156 647 3217 dilectus
663 3171 766 3216 amore

126 3233 243 3309 Oderit,
259 3245 290 3299 et
304 3254 400 3299 saevo
414 3241 554 3300 vulneret
569 3243 643 3300 cnse
658 3255 743 3316 puer.

44 3313 148 3376 raher
162 3317 216 3379 tibi
230 3320 294 3380 iida
307 3324 405 3398 magis
420 3324 541 3385 misceri
557 3324 666 3400 pocula
681 3322 810 3400 possint,

126 3401 222 3474 Quam
239 3405 290 3480 qui
305 3407 465 3483 cornigero
481 3410 520 3468 dc
535 3407 607 3470 iove
622 3413 709 3470 natus
725 3412 798 3468 erat.

19 3579 20 3586 ἵ
90 3481 170 3546 hlore
188 3486 236 3546 vel
247 3487 379 3551 intereas
395 3492 476 3568 capti
491 3508 662 3569 suspensus
678 3489 802 3562 Achaei,
