2372 3928
346 239 574 314 uem-402.
913 247 974 312 211

12 405 47 460 tot
60 395 176 457 caerula
191 407 284 466 quem
297 391 428 468 genitrix
442 407 535 468 aegre
548 395 647 456 solata
659 396 823 472 dolentem,
916 453 920 462 .

86 475 210 538 Addidit
228 474 306 536 haec
320 474 410 536 dictis
427 476 533 538 duma
546 479 642 540 verba
656 481 738 542 suis=

57 563 154 637 ‘Siste,
169 574 262 637 puer,
274 558 436 620 lacrimas!
465 558 593 624 Proteus
607 569 659 625 tua
674 564 786 626 damna
799 564 921 632 levabit.

90 645 214 720 Quoque
229 642 323 705 modo
342 658 469 720 repares
483 660 564 719 quae
578 647 714 725 periere,
729 649 823 711 dabit

58 729 184 805 lteciplat
197 741 238 788 ne
252 733 283 789 te
296 727 397 788 versis
411 735 512 788 tamen
526 729 578 790 ille
596 730 713 809 liguris,

14 819 51 874 tto
89 809 254 888 impediant
268 811 407 887 geminas
422 811 546 875 vincula
559 813 648 875 firma
664 821 796 877 manus?

59 895 185 957 Pervenit
198 895 240 955 ad
253 902 354 958 vatem
373 894 510 968 iuvenis,
525 897 725 975 resolutaque
737 915 845 963 somno

90 979 197 1056 alligat
210 978 357 1056 aequorei
372 977 518 1041 bracchia
533 987 623 1056 capta
637 982 731 1044 senis.

59 1064 104 1124 llle
121 1080 177 1126 sua
191 1062 301 1124 iooiem
315 1063 509 1125 transformis
527 1063 677 1126 adulterat
690 1073 769 1127 artae

91 1147 158 1208 Mox
173 1146 307 1208 domitus
321 1146 432 1210 vinclis
449 1146 481 1207 in
496 1163 554 1209 sua
568 1147 704 1211 membra
717 1150 805 1212 redit.

17 1241 50 1298 tlt
62 1229 167 1306 Oraque
182 1231 324 1294 caenulea
337 1231 448 1292 tollens
463 1231 598 1293 rorantia
609 1232 716 1308 barba,

93 1314 175 1390 ‘Qua’
195 1314 273 1376 dixit
287 1318 426 1391 ‘repares
441 1322 521 1387 arte,
536 1317 683 1391 requiris,
701 1325 796 1394 apest

63 1397 149 1460 Obrue
163 1399 285 1460 mactati
299 1414 415 1474 corpus
431 1400 538 1460 tellure
554 1400 691 1462 iuvencis

95 1481 175 1557 Quod
190 1482 269 1559 petis
283 1499 304 1544 a
317 1481 423 1557 uobis,
441 1480 568 1545 obrutus
583 1484 635 1544 ille
650 1482 756 1544 dabit!

63 1565 137 1628 lussa
150 1567 222 1628 lacit
234 1572 352 1643 pastor.
381 1565 512 1627 Fervent
527 1567 669 1628 examina
684 1567 764 1643 putri

20 1655 55 1709 tto
94 1650 134 1712 lte
150 1651 242 1712 bove.
273 1649 355 1710 mille
370 1649 487 1712 animas
502 1667 564 1714 una
581 1658 690 1712 necata
704 1650 797 1712 dedit.

63 1731 149 1796 Poscit
162 1749 252 1796 ovem
265 1734 370 1796 latum.
398 1734 550 1796 verbenas
565 1733 705 1812 improba
719 1733 842 1811 carpsit,

98 1818 173 1893 Quas
188 1817 241 1894 pia
255 1817 304 1878 dis
317 1817 398 1880 ruris
412 1819 492 1880 terre
506 1819 628 1880 solebat
640 1834 730 1880 auus.

65 1901 127 1974 Quid
139 1903 193 1963 tuti
207 1907 365 1979 superest,
381 1901 511 1964 animam
523 1918 594 1964 cum
609 1908 703 1979 ponat
716 1901 747 1962 in
762 1902 822 1970 aris

95 1986 331 2064 Lanigerumque
345 2001 443 2062 pecus
458 1987 672 2063 ruricolaeque
685 1984 805 2049 bovest
902 2066 904 2070 Υ

23 2077 55 2131 en
66 2066 152 2131 Placat
164 2086 245 2146 equo
258 2070 362 2131 Persis
375 2071 471 2132 radiis
487 2072 668 2151 Hyperiona
682 2070 822 2144 cinctum,

96 2153 135 2214 lle
147 2155 236 2216 detur
250 2155 343 2216 celeri
357 2154 480 2216 victima
493 2155 582 2217 tarda
595 2157 665 2218 deo.

67 2235 134 2309 Quae
145 2241 241 2300 semel
258 2245 308 2300 est
320 2236 431 2315 triplici
446 2255 503 2316 pro
519 2239 638 2316 virgine
652 2254 745 2300 caesa
758 2238 882 2314 Dianae,

96 2321 176 2384 Nunc
192 2337 316 2399 quoque
330 2337 387 2398 pro
400 2323 486 2384 nulla
499 2323 618 2400 virgine
632 2339 725 2385 cerva
737 2322 828 2384 cadit.

65 2401 129 2465 lxta
141 2422 250 2468 canum
264 2405 328 2468 vidi
341 2406 460 2468 Triviae
473 2406 570 2469 libare
585 2407 734 2484 Sapaeos,

24 2487 58 2544 tto
97 2488 327 2566 Elquicumque
341 2496 411 2551 tuas
426 2491 551 2564 accolit,
566 2493 696 2566 Haemo,
711 2490 810 2550 nives.

66 2569 189 2634 Caeditur
203 2583 233 2637 et
246 2573 345 2651 rigido
361 2575 482 2637 custodi
496 2576 576 2638 ruris
589 2575 721 2636 ¹asellum

98 2655 189 2719 causa
205 2658 354 2735 pudenda
373 2659 514 2735 quidem,
530 2659 589 2720 sed
604 2666 705 2720 tomen
719 2662 792 2732 apta
810 2656 880 2716 deo.
965 2725 969 2729 ,

65 2735 141 2802 leste
158 2741 354 2822 corymbiferi
370 2743 550 2804 celebrabas
568 2743 696 2804 Graecia
710 2739 832 2815 Bacchi,

95 2823 187 2886 Tertia
201 2842 283 2903 quae
294 2825 384 2887 solito
399 2832 538 2902 tempore
551 2826 659 2887 bruma
673 2826 774 2886 reiert.

26 2909 56 2966 tlt
67 2903 94 2964 bi
110 2924 229 2986 quoque
247 2910 381 2972 cultures
395 2908 427 2969 in
441 2910 524 2971 idem
539 2924 651 2970 venere
667 2909 773 2989 Lyaei,

94 2989 128 3051 lit
143 2993 329 3070 quicumque
342 2991 420 3054 iocis
435 3010 498 3057 non
513 2994 632 3056 alienus
652 3000 731 3055 erat=

65 3069 164 3148 Panes,
181 3083 212 3140 at
224 3076 257 3138 in
271 3091 418 3140 venerem
431 3085 607 3157 satyrorum
620 3093 719 3153 prona
732 3075 885 3144 iuventus,

97 3156 236 3237 Quaeque
252 3162 357 3224 colunt
370 3177 476 3222 omnes
492 3163 622 3236 solaque
636 3177 709 3222 rura
726 3160 814 3221 deae.

15 3291 16 3294 ,
65 3237 183 3306 Venerat
195 3251 225 3306 et
244 3245 349 3307 senior
363 3247 467 3321 pando
483 3245 604 3307 Silenus
619 3246 726 3318 asello,

25 3321 55 3375 4⁰⁰
97 3324 207 3403 Quique
220 3329 315 3391 ruber
328 3328 459 3405 pavidas
473 3329 598 3406 inguine
614 3335 705 3390 terret
719 3343 804 3389 aves.

60 3404 151 3471 Dulcia
163 3413 215 3487 qui
229 3413 356 3488 dignum
370 3428 479 3474 nemus
494 3413 525 3474 in
540 3413 681 3475 convivia
694 3411 775 3472 nacti

18 3549 19 3554 ,
91 3491 225 3558 Gramine
237 3497 358 3558 vestitis
375 3497 548 3559 accubuere
566 3497 651 3559 toris.
