2394 3940
184 267 247 332 luo
585 261 642 321 EX
661 259 809 321 ΡΟΝΤΟ

308 417 352 475 Tu
365 417 487 476 lacerae
501 427 641 472 remanes
657 411 792 472 anchora
806 413 956 472 sclerati.

269 503 360 564 Grata
373 506 424 559 tua
439 504 487 560 est
501 497 591 572 igitur
605 496 713 571 pietas.
746 496 935 571 ignoscimus
951 495 1020 574 iliis,

309 583 366 658 Qui
381 598 448 642 cum
464 583 585 660 fortuna
598 588 686 654 terga
700 581 814 640 dedere
830 581 929 654 fugae.

268 671 343 728 Cum
357 667 465 726 feriant
478 680 580 739 unum,
602 679 663 724 non
682 681 776 724 unum
790 663 917 724 fulmina
930 670 1055 740 terrent„

219 761 254 816 10
309 753 475 826 Iunctaque
490 763 639 824 percusso
658 747 746 808 turba
760 763 875 822 pavere
893 748 982 807 solet.

268 837 403 910 cumque
418 832 502 894 dedit
515 832 619 910 paries
635 839 780 892 venturae
795 831 884 906 signa
898 832 1015 908 ruinae,

308 919 445 980 Sollicito
461 932 578 978 vacuus
593 917 627 976 iit
640 916 728 975 iocus
743 916 793 975 itle
807 922 900 976 metu.

267 1005 340 1080 Quis
355 1019 417 1064 non
432 1019 450 1062 e
464 1001 577 1060 timidis
593 1000 676 1075 aegri
692 1001 833 1074 contagia
847 1000 931 1072 vitat,

306 1089 448 1149 Vicinum
463 1092 601 1146 metuens
618 1099 656 1144 ne
670 1083 770 1144 trahat
783 1083 854 1144 inde
869 1084 1004 1144 malum?

219 1183 252 1236 15
266 1173 316 1233 Me
335 1185 458 1247 quoque
472 1171 639 1229 amicorum
654 1167 746 1229 nimio
762 1175 878 1229 terrore
895 1173 1052 1243 metuque,

309 1256 377 1316 Non
393 1253 465 1313 odio
482 1252 605 1327 quidam
624 1253 788 1313 destituere
803 1251 873 1312 mei.

267 1341 335 1402 Non
351 1339 410 1410 iilis
426 1337 533 1412 pietaS,
555 1350 617 1395 non
633 1336 775 1396 oiiiciosa
789 1339 932 1397 voluntas

306 1422 417 1484 Defuit.
448 1422 600 1480 adversos
616 1421 783 1482 extimuere
799 1421 887 1481 deos.

267 1510 368 1582 thue
383 1505 480 1580 magis
496 1505 575 1564 cauti
589 1504 712 1579 possint
725 1504 883 1578 timidique
898 1502 1007 1576 videri,

219 1604 254 1656 to
310 1591 360 1652 Sic
375 1589 524 1665 appellari
540 1604 601 1648 non
616 1605 756 1650 meruere
773 1589 853 1648 maii.

266 1678 328 1737 Aut
341 1689 428 1734 meus
445 1681 573 1736 excusat
587 1688 676 1734 caros
690 1673 732 1733 ita
746 1672 862 1734 candor
876 1673 1003 1746 amicae,

308 1760 410 1834 thue
424 1758 555 1819 habeant
569 1757 608 1818 de
622 1771 671 1816 me
687 1756 813 1818 crimina
828 1757 919 1830 nullu,
941 1758 1036 1816 iavet.

268 1844 335 1906 Sint
347 1844 379 1904 hi
395 1843 528 1905 contenti
542 1841 642 1916 venia,
664 1841 850 1916 scierintque
864 1839 975 1912 licebit,
1074 1839 1076 1844 ’

308 1927 433 2003 Purgari
448 1928 559 1988 iactum
574 1941 622 1986 me
639 1940 763 2001 quoque
779 1931 857 1985 teste
872 1941 971 1986 suum.

222 2024 255 2075 25
269 2013 344 2072 Pars
360 2012 433 2071 estis
449 2011 538 2086 pauci
553 2010 668 2084 melior,
692 2009 745 2084 qui
758 2009 852 2070 rebus
868 2011 899 2069 in
915 2008 989 2070 artis

239 2091 241 2096 ’
261 2093 264 2096 ’
309 2095 401 2154 Ferre
415 2095 488 2154 mihi
503 2095 615 2154 nuttam
628 2100 717 2168 turpe
732 2094 862 2169 putastis
879 2108 978 2170 opem.
1085 2103 1088 2109 ·

268 2181 353 2239 Tunc
368 2179 457 2252 igitur
474 2177 570 2237 meriti
586 2177 730 2237 morietur
745 2179 843 2253 gratie
857 2178 959 2251 vestri,

310 2261 384 2322 Cum
399 2261 474 2321 cinis
489 2262 651 2336 absumpto
669 2277 800 2337 corpore
814 2262 914 2323 iactus
930 2276 993 2319 ero.

268 2346 377 2421 Fater,
400 2353 430 2406 et
443 2346 495 2406 illa
509 2361 596 2406 meae
610 2345 767 2421 superabit
781 2353 921 2421 tempora
937 2344 1032 2417 vitae,

222 2440 256 2494 30
312 2430 345 2492 Si
360 2438 461 2492 tamen
476 2447 494 2492 a
510 2431 637 2491 memori
652 2431 829 2506 posteritate
842 2432 936 2506 legar.

270 2517 408 2592 Corpora
424 2511 574 2576 debentur
588 2515 713 2576 maestis
732 2515 903 2590 exsanguia
918 2512 1035 2574 bustis=

310 2599 466 2674 Effugiant
478 2606 610 2660 structos
625 2615 737 2660 nomen
751 2598 914 2675 honorque
926 2613 1033 2672 rogos.

270 2683 387 2743 Occidit
401 2690 430 2742 et
444 2682 582 2744 Theseus
598 2691 628 2744 et
643 2685 694 2758 qui
709 2684 863 2744 comitavit
878 2682 1021 2744 Oresten:

314 2766 375 2826 Sed
393 2771 494 2826 tumen
509 2766 538 2824 in
555 2766 663 2828 laudes
678 2769 753 2829 vivit
768 2775 896 2844 uterque
911 2781 994 2830 suas,

222 2859 256 2915 35
274 2851 338 2910 Vos
353 2849 443 2910 ctiam
458 2850 519 2910 seri
534 2850 703 2912 laudabunt
716 2868 812 2929 saepe
826 2858 966 2928 nepotes,

315 2933 463 3009 claraque
478 2935 534 2995 erit
549 2935 672 3011 scriptis
688 2938 787 3011 gioria
802 2943 904 3008 vestra
919 2935 1006 2995 meis.

272 3019 328 3077 Hic
344 3035 467 3094 quoque
482 3020 682 3082 Sauromatae
696 3021 756 3082 iam
770 3037 829 3082 vos
845 3033 960 3080 novere
976 3019 1134 3092 Getaeque

310 3103 349 3162 Et
362 3105 438 3164 tales
453 3105 572 3165 animos
586 3103 718 3166 barbara
732 3105 820 3166 turba
834 3103 954 3180 probat.

273 3186 409 3262 comque
424 3204 482 3264 ego
499 3190 538 3251 dc
551 3195 655 3250 vestra
670 3205 767 3266 nuper
781 3187 933 3264 probitate
947 3187 1121 3258 referrem„

224 3272 258 3329 40
313 3271 389 3330 Nam
404 3273 495 3333 didici
512 3273 615 3334 Getice
631 3273 859 3349 Sarmaticeque
873 3271 989 3348 toqui...

271 3356 362 3418 Forte
377 3371 473 3416 senex
488 3357 621 3434 quidam,
642 3365 731 3421 coetu
746 3375 814 3420 cum
830 3362 924 3419 staret
941 3356 970 3415 in
985 3354 1049 3423 iilo,

312 3439 458 3501 Reddidit
472 3442 512 3502 ad
526 3449 650 3504 nostros
665 3443 737 3511 tatia
751 3443 847 3504 verba
861 3457 972 3504 sonos:

271 3523 345 3586 ‘Nos
362 3540 487 3602 quoquc
503 3525 652 3588 amicitiae
667 3543 787 3604 nomen,
804 3528 896 3603 bone,
914 3522 1069 3598 novimus,
1085 3523 1183 3595 hosne
