2492 3926
412 251 463 324 lv,
487 247 654 312 oct-764
982 255 1045 318 289

112 403 198 463 certe
214 418 272 477 ego
288 401 425 462 transilui
443 400 561 476 positas
575 407 622 460 ter
636 399 665 460 in
682 401 789 464 ordine
804 401 952 478 flammas,

151 487 283 561 Udaque
296 492 416 546 roratas
431 485 536 544 laurea
549 484 632 544 misit
647 499 754 560 aquas.

110 570 192 630 Mota
208 569 268 628 dea
285 577 347 643 est,
368 567 516 645 operique
531 565 621 629 lavet.
652 569 811 630 navalibus
831 572 880 632 exi

55 661 99 716 tto
150 653 284 729 Puppis!
302 653 415 712 habent
430 657 537 712 ventos
553 652 613 712 iam
626 668 696 712 maa
709 653 779 713 vela
794 667 878 714 suos.

109 738 136 812 l,
151 742 223 813 pete
239 735 391 811 virginea,
409 736 559 813 populus,
576 736 717 796 suffimen
733 736 772 796 ab
788 753 854 797 arar

147 823 247 882 Vesta
262 820 360 880 dabit:
389 820 504 880 Vestae
519 835 644 880 munere
658 836 753 894 purus
769 821 839 880 eris.

109 903 240 979 Sanguis
257 904 329 978 equi
345 904 487 964 suffimen
504 904 575 976 erit,
591 903 740 977 vitulique
755 904 866 976 favilla,

148 987 248 1048 Tertia
263 1003 315 1048 res
332 988 427 1048 durae
442 988 561 1047 culmen
576 986 666 1046 inane
681 987 780 1048 labae.

55 1083 98 1140 tte
109 1071 231 1146 Pastor,
250 1087 327 1132 oves
343 1077 462 1131 saturas
479 1071 519 1132 ad
534 1071 632 1146 prima
647 1071 830 1147 crepuscula
844 1072 953 1132 lustrat

149 1156 242 1216 Unda
255 1155 341 1230 prius
357 1161 497 1230 spargat,
516 1155 663 1229 virgaque
678 1162 780 1216 verrat
794 1155 916 1215 humum

108 1237 279 1300 Frondibus
295 1245 324 1299 07
338 1238 409 1299 fixis
426 1239 612 1299 decorentur
626 1239 719 1299 ovilia
732 1239 833 1312 ramis,

147 1323 185 1382 Et
199 1329 283 1397 tegat
299 1329 423 1383 ornatas
438 1325 531 1397 longa
547 1323 769 1384 coronatores.

109 1405 244 1467 Caerulei
259 1406 334 1466 fiant
347 1407 419 1466 vivo
436 1407 476 1465 de
489 1406 635 1481 sulphure
650 1407 731 1479 lumi,

54 1497 99 1553 tto
149 1490 305 1564 Tectaque
319 1491 445 1550 lumanti
463 1489 609 1564 sulphure
622 1489 704 1549 balet
718 1489 796 1550 ovis.

107 1573 166 1633 Ure
181 1589 282 1634 mares
301 1575 401 1647 olcas,
417 1574 614 1647 aedemque,
629 1572 804 1648 herbasque
820 1573 958 1647 Sabinas,

146 1657 184 1716 st
205 1665 310 1732 crepet
324 1656 355 1716 in
369 1657 478 1717 mediis
493 1658 597 1716 laurus
614 1657 724 1718 adusta
738 1657 824 1717 locis

107 1740 243 1815 Libaque
258 1741 298 1800 de
311 1739 393 1800 mitio
409 1740 481 1800 milii
497 1740 614 1800 fiscella
628 1749 789 1815 sequetur:

146 1825 273 1884 Rustica
287 1825 452 1900 praecipue
467 1829 515 1884 est
529 1823 590 1884 troc
605 1825 664 1884 dea
678 1824 757 1884 laeta
771 1824 849 1883 cibo.

52 1909 95 1965 ’105
108 1908 197 1968 Adde
212 1908 311 1982 dapes
330 1910 551 1981 mulctramque
572 1924 655 1968 suas.
685 1907 880 1983 dapibusque
905 1910 1033 1970 resectis

144 1989 319 2051 Silvlcolam
334 1992 439 2067 tepido
455 1992 534 2052 lacte
547 2006 675 2067 precare
688 1992 790 2051 Palen.

106 2073 264 2136 ‘Consule’
279 2074 329 2135 dic
344 2076 462 2150 ‘pecori
478 2075 592 2151 pariter
605 2076 790 2151 pecorisque
801 2075 970 2151 magistris:

143 2157 277 2233 Effugiat
291 2158 419 2219 stabulis
435 2175 517 2221 noxa
530 2161 655 2234 repulsa
668 2158 753 2220 meis.

105 2241 178 2302 Sive
194 2257 283 2302 sacro
299 2244 385 2318 pavi,
403 2243 510 2303 sedive
525 2243 583 2302 sub
598 2243 708 2303 arbore
724 2259 820 2318 sacra,

51 2334 94 2388 750
147 2325 326 2400 Pabulaque
341 2341 358 2386 e
371 2325 470 2387 bustis
485 2325 583 2386 inscia
598 2327 713 2401 carpsit
730 2327 814 2386 ovis:

104 2410 136 2470 Sl
151 2424 261 2470 nemus
275 2409 384 2469 intravi
399 2411 537 2483 vetitum,
554 2411 707 2470 nostrisve
722 2409 843 2483 iugatae

145 2491 224 2553 Sunt
238 2493 335 2553 oculis
353 2493 523 2570 nymphae,
538 2494 748 2568 semicaperve
763 2492 854 2552 deus:

104 2577 135 2637 Si
150 2591 220 2636 mea
236 2577 299 2636 lalx
313 2592 398 2636 ramo
414 2579 515 2637 lucum
530 2577 676 2652 spoliavit
690 2591 799 2651 opaco,

144 2661 235 2722 Unde
251 2662 322 2721 data
337 2668 385 2721 est
398 2675 509 2736 aegrae
524 2661 633 2721 fiscina
648 2659 764 2720 frondis
780 2659 844 2718 ovi:

49 2746 90 2801 755
103 2745 150 2804 Da
169 2745 290 2805 veniam
307 2745 425 2820 culpae.
456 2760 527 2816 nec,
547 2745 619 2804 dum
635 2744 851 2820 degrandinat,
868 2743 949 2803 obsit

143 2829 267 2902 Agresti
284 2829 355 2888 lano
376 2830 582 2904 supposuisse
597 2844 703 2904 pecus.

101 2914 164 2972 Nec
179 2919 289 2972 noceat
303 2912 444 2974 turbasse
459 2914 554 2972 lacus.
583 2911 747 2986 ignoscite,
764 2911 927 2989 nymphae,

142 2995 228 3056 Mota
244 2997 328 3071 quod
343 2996 492 3057 obscuras
508 2997 620 3072 ungula
635 2995 706 3056 lecit
720 3011 828 3072 aquas,

100 3079 161 3149 Tu,
179 3078 251 3154 dea,
268 3094 324 3154 pro
345 3080 435 3140 nobis
452 3082 551 3141 lentes
566 3083 751 3155 fontanaque
765 3080 856 3155 placa

47 3168 90 3224 700
143 3162 284 3222 Numina.
313 3171 346 3224 70
363 3179 491 3238 sparsos
510 3180 565 3241 per
583 3179 691 3224 nemus
707 3179 797 3224 omne
812 3163 899 3224 deos.

100 3247 163 3306 Nec
184 3246 337 3324 dryadas,
355 3262 413 3306 nec
428 3263 485 3307 nos
501 3248 660 3308 videamus
676 3247 762 3307 labra
775 3247 899 3321 Dianae,

141 3330 208 3388 Nec
221 3329 373 3403 Faunum,
390 3331 491 3391 medio
508 3346 576 3390 cum
596 3331 706 3406 premit
719 3347 794 3391 arva
809 3329 868 3389 die.

100 3412 183 3472 Pelle
200 3415 309 3488 procul
323 3414 458 3474 morbos.
489 3415 611 3474 valeant
632 3413 834 3489 hominesque
851 3429 1032 3490 gregesque,

142 3496 318 3638 Eltffraleant
337 3497 461 3574 vigiles,
478 3498 607 3573 provida
623 3499 722 3572 turba,
740 3512 842 3558 canes.

65 3589 141 3637 ovrn.
209 3623 215 3636 .
795 3589 827 3642 19
