2394 3940
196 207 255 270 142
586 201 814 264 expolito

225 368 261 423 00
318 359 408 420 Gutta
423 371 478 432 per
494 355 635 416 attonitas
651 353 714 416 ibat
733 353 842 416 oborta
856 371 963 431 genas.

276 443 360 503 Haeo
375 441 465 516 igitur
478 440 615 500 reterens
630 446 660 499 et
674 439 759 514 quod
773 454 843 499 mea
862 440 987 503 erimina
1000 438 1081 519 primi

317 525 439 587 Erroris
458 523 551 584 vania
563 537 662 598 posse
677 523 772 584 latere
789 523 889 600 vides,

275 609 419 686 Respicis
435 608 592 685 antiquum
607 607 701 670 lassis
715 608 746 666 in
765 608 859 670 rebus
874 609 1013 684 amioum,

317 692 535 768 fomentisque
551 690 641 752 iuvas
658 693 784 754 vtdnera
800 700 908 756 nostra
921 694 992 755 tuis.

226 785 262 842 05
276 777 335 840 Pro
352 776 464 853 quibus
486 775 613 853 optandi
629 774 657 836 si
672 774 763 838 nobis
784 777 876 854 eopia
892 778 955 852 fiat,

316 862 390 924 Tam
404 859 484 922 bene
499 876 556 937 pro
570 860 677 921 merito
695 863 859 924 commoda
872 862 954 924 mille
969 877 1081 938 precor.

276 946 339 1009 Sed
355 946 382 1007 si
399 945 468 1008 sola
480 937 552 1005 mihi
567 944 677 1006 dentur
690 951 742 1007 tua
760 952 850 1020 vota,
870 943 1029 1023 precabor,
1094 979 1097 988 =

317 1032 357 1092 Ut
370 1027 423 1092 tibi
439 1029 480 1091 sit
499 1029 586 1090 salvo
603 1028 735 1091 Caesare
749 1031 838 1090 saiva
851 1043 976 1106 parens.

274 1115 360 1176 Haeo
374 1130 449 1190 ego,
464 1128 534 1173 cum
549 1112 671 1176 iaceres
684 1115 790 1176 altaria
803 1115 930 1192 pinguia
944 1122 1018 1190 ture,

214 1209 265 1263 100
320 1200 363 1259 Te
379 1198 501 1260 solitum
520 1197 642 1258 memini
662 1199 761 1275 prima
775 1214 886 1274 rogare
905 1199 994 1263 deos.

220 1386 262 1478 4·
319 1420 497 1483 norico.

278 1503 401 1616 Accipe
417 1539 613 1615 conloquium
627 1537 730 1614 gelido
744 1537 878 1600 Nasonis
896 1537 937 1598 ab
954 1539 1061 1615 Histro,

314 1623 429 1698 Attice,
450 1623 563 1686 iudicio
578 1639 640 1684 noa
661 1623 827 1684 dubitande
841 1636 921 1682 meo.

273 1707 392 1783 Ecquid
407 1707 508 1770 adhue
522 1722 663 1770 remanes
676 1722 794 1770 memor
806 1704 939 1770 infelicis
956 1707 1050 1784 andei,

316 1792 438 1854 Deserit
451 1811 490 1854 an
510 1792 605 1869 partis
624 1792 771 1868 languida
788 1807 862 1854 aura
883 1800 982 1854 suast
1059 1815 1060 1818 ¹

245 1876 344 1939 5Non
359 1877 401 1939 ita
421 1878 452 1939 di
466 1876 538 1939 mihi
558 1883 630 1938 sunt
643 1877 764 1950 tristes,
782 1884 814 1936 ut
834 1875 964 1938 credere
977 1875 1085 1954 possim

314 1960 437 2036 Fasque
455 1969 557 2038 putem
571 1962 632 2024 iam
650 1969 680 2023 te
698 1977 761 2023 non
775 1959 955 2022 meminisse
970 1961 1037 2022 mei.

273 2044 354 2107 Anto
369 2047 478 2107 oeulos
493 2053 617 2107 nostros
637 2052 690 2107 tua
704 2045 801 2121 enim,
820 2054 873 2108 tua
889 2060 1016 2124 semper
1029 2045 1123 2120 imago,
1171 2093 1172 2114 ,

315 2127 354 2189 m
372 2128 482 2190 videor
494 2130 596 2190 vuitus
611 2137 713 2191 mente
726 2131 834 2191 videre
853 2138 935 2192 tuos.

272 2212 362 2274 Seria
380 2215 475 2274 multa
488 2213 561 2273 mihi
575 2221 675 2275 tecum
690 2216 813 2277 conlata
826 2216 986 2290 recordor,
1004 2265 1008 2274 .

224 2303 257 2356 10
311 2297 375 2359 Nec
390 2297 462 2360 data
475 2297 618 2360 ineundis
633 2304 774 2376 tempora
787 2315 887 2375 pauca
902 2299 992 2362 iocis.

272 2381 374 2460 Saepe
390 2383 468 2445 citae
482 2384 583 2460 longis
603 2384 691 2446 visae
710 2382 905 2445 sermonibus
925 2383 1032 2458 horae,

312 2468 414 2547 Saepe
429 2467 484 2531 tuit
498 2468 634 2546 brevior,
650 2485 743 2546 quam
758 2484 827 2530 mea
840 2467 952 2542 verba,
975 2470 1051 2531 dias.
1170 2477 1171 2486 ’

271 2551 373 2631 Saepe
387 2561 458 2615 tuas
474 2554 558 2614 venit
571 2555 684 2617 iaotum
700 2553 793 2615 modo
809 2567 931 2613 carmen
948 2555 990 2615 ad
1009 2551 1086 2614 auris

310 2638 349 2699 Et
362 2653 445 2698 nova
458 2638 571 2706 iudicio
592 2639 716 2701 subdito
731 2654 820 2698 musa
836 2643 887 2698 tuo
903 2645 962 2698 est.

224 2729 257 2782 15
273 2721 361 2795 Quod
377 2729 409 2781 tu
424 2722 584 2795 laudatus,
605 2723 720 2798 populo
739 2721 896 2799 placuisse
916 2723 1070 2797 putabam.

313 2806 380 2867 Hoa
399 2805 529 2881 pretium
544 2821 637 2867 aurae
653 2807 743 2869 dulae
756 2805 888 2868 recentis
904 2814 980 2868 erat.

271 2889 373 2966 thue
386 2905 475 2953 meus
490 2891 563 2952 lima
576 2907 668 2952 rasus
683 2892 760 2953 liber
775 2898 861 2954 esset
877 2890 978 2966 amici,

310 2973 377 3036 Non
392 2976 488 3035 semel
502 2975 660 3039 admonitu
675 2978 755 3038 taeta
768 2977 858 3038 litura
871 2981 924 3036 tuo
939 2982 999 3038 est.

268 3057 333 3120 Nos
349 3060 417 3119 fora
433 3059 574 3122 viderunt
588 3060 718 3136 pariter,
739 3077 797 3122 nos
818 3060 956 3137 porticus
972 3059 1082 3132 omnis,

218 3147 254 3203 00
310 3143 373 3204 Nos
388 3143 455 3218 via,
469 3161 528 3206 nos
545 3145 655 3207 iunctis
671 3161 765 3207 curva
778 3145 896 3206 theatra
910 3145 988 3206 ioois

267 3226 407 3302 Denique
422 3233 523 3290 tantus
540 3245 627 3290 amor
646 3229 751 3304 nobie,
773 3229 947 3302 carissime,
963 3242 1096 3306 semper,
1168 3213 1169 3250 ³

309 3310 447 3386 Quantus
467 3313 497 3373 in
511 3313 649 3374 Aeneide
662 3313 888 3389 Nestorideque
903 3313 967 3375 tuit.

265 3395 332 3457 Non
347 3411 421 3472 ago,
436 3396 464 3458 si
477 3397 600 3460 biberes
618 3413 745 3460 securae
766 3401 879 3474 poeula
893 3397 1015 3472 Lethes,

223 3505 225 3509 v
307 3479 460 3542 Excidere
479 3480 558 3545 haee
574 3481 697 3544 credam
713 3497 838 3558 pectore
853 3496 949 3557 possa
965 3488 1029 3542 tuo.

1155 3599 1168 3900 i
