2372 3928
384 245 441 320 Ill,
463 243 496 319 7,
520 244 617 318 1-9,
640 242 669 305 5.

146 399 205 459 Sed
221 399 247 459 si
266 397 336 475 quis
351 403 483 473 peteret,
500 397 552 470 qui
567 396 642 456 dare
657 395 762 479 veliet,
780 403 853 457 erat.

107 483 274 544 Dummodo
293 497 354 541 non
369 480 459 540 nobis
475 481 534 540 hoe
551 479 692 541 Caesaris
707 479 752 540 ira
767 481 892 556 negarit,

67 576 97 628 40
146 567 276 626 Fortiter
291 564 420 626 Euxinis
435 563 630 625 inmoriemur
645 563 745 640 aquis.

65 749 99 844 8.
148 784 347 846 maxrmo.

110 867 192 974 Quae
207 903 277 977 tibi,
293 901 493 978 quaerebam,
510 915 674 962 memorem
689 901 830 962 testantia
847 917 948 962 euram

144 989 233 1048 Dona
247 987 427 1046 Tomitanus
442 986 560 1046 mittere
574 993 684 1061 posset
697 1001 781 1060 ager.

107 1073 216 1148 Dignus
232 1087 268 1131 es
284 1077 427 1146 argento,
449 1071 533 1131 iulvo
549 1083 673 1144 quoque
687 1069 808 1144 dignior
822 1085 905 1130 auro.

143 1155 204 1216 Sed
223 1164 269 1228 te,
286 1171 353 1214 oum
369 1154 484 1228 donas,
499 1154 560 1214 ista
573 1154 679 1213 iuvare
694 1155 809 1214 soient:

84 1239 165 1302 tNeo
177 1246 280 1300 tamen
296 1238 373 1298 haee
388 1239 456 1298 ioca
471 1244 540 1298 sunt
554 1237 616 1298 uilo
631 1238 767 1312 pretiosa
782 1239 919 1298 metallo:

144 1323 251 1385 Hostis
267 1322 305 1382 ab
322 1322 456 1398 agricola
469 1323 523 1381 vix
537 1322 609 1382 sinit
622 1321 674 1382 illa
689 1322 762 1382 fodi.

109 1407 239 1484 Purpura
255 1421 350 1482 saepe
365 1413 435 1466 tuos
450 1407 571 1483 fulgens
587 1407 738 1482 praetexit
752 1407 890 1468 amiotus

145 1492 207 1553 Sed
223 1507 285 1551 nou
301 1490 468 1552 Sanuatico
483 1491 606 1566 tingitur
621 1491 672 1550 illa
687 1491 771 1550 mari.

109 1577 227 1636 Vellera
249 1577 325 1636 dura
340 1576 439 1635 ierunt
453 1576 606 1651 pecudes,
623 1583 653 1635 et
666 1575 799 1636 Palladis
815 1576 856 1638 uti

71 1677 97 1730 ιο
143 1662 216 1722 Arte
233 1659 409 1721 Tomitanae
424 1675 484 1720 nou
501 1653 755 1720 didicere'nurus.

108 1746 228 1806 Femina
245 1753 301 1821 p'ro
319 1746 389 1804 iana
404 1744 530 1804 Cerialia
548 1759 673 1804 munera
690 1745 808 1819 irrugit,

142 1829 375 1905 Suppositoque
389 1843 514 1904 gravem
531 1828 643 1888 vertice
657 1833 758 1904 portat
772 1844 892 1905 aquam.

107 1913 167 1974 Non
181 1914 233 1972 hie
250 1913 424 1988 pampineis
440 1912 578 1972 amicitur
591 1912 702 1973 vitibus
717 1913 827 1988 aimus,

142 1998 228 2057 Nulla
246 2004 387 2074 premunt
400 2010 503 2056 ramos
519 1997 657 2072 pondere
672 2012 764 2072 poma
782 2013 848 2059 suo.

71 2091 97 2140 15
107 2080 208 2142 Tristia
225 2081 380 2142 deformes
397 2081 517 2156 pariunt
532 2080 684 2141 absinthia
700 2081 809 2156 campi,
873 2093 879 2106 '

146 2167 299 2240 Terraque
315 2165 465 2226 defructu
484 2181 575 2239 quam
593 2166 632 2226 sit
646 2181 762 2241 amara,
780 2167 879 2227 docet.

108 2249 148 2308 Nil
163 2251 253 2324 igitur
268 2256 332 2309 tota
345 2248 431 2310 Ponti
445 2250 572 2324 regione
587 2249 710 2323 sinistri,

147 2333 234 2407 Quod
249 2349 317 2394 mea
333 2333 480 2393 sedulitas
496 2333 614 2393 mittere
628 2341 749 2409 posset,
765 2340 839 2392 orat.

109 2417 213 2477 Clausa
227 2426 327 2478 tamen
343 2416 412 2476 misi
429 2416 575 2492 Soythiea
593 2417 646 2476 tibi
663 2417 724 2476 tela
740 2415 896 2490 pharetra:

65 2506 91 2557 tu
137 2502 232 2562 Hoste
248 2515 360 2576 precor
373 2501 448 2560 fiant
465 2501 516 2561 iila
531 2508 656 2566 eruenta
668 2508 731 2560 tuo.

108 2585 169 2646 Hos
184 2585 276 2645 habet
289 2585 368 2644 haee
383 2585 533 2660 calamos,
555 2585 614 2645 hos
632 2584 709 2645 haec
724 2583 817 2644 habet
833 2599 887 2644 ora
901 2583 1029 2645 libellos.

12 2735 13 2752 χ
142 2671 225 2729 Haeo
239 2669 323 2744 viget
336 2669 367 2727 in
382 2669 511 2743 nostris,
526 2669 667 2741 Maxime,
683 2669 772 2729 Musa
787 2669 878 2729 locist

12 2765 14 2826 ζ
107 2753 186 2826 Quae
201 2767 386 2828 quamquam
404 2752 526 2813 misisse
542 2753 649 2829 pudet,
667 2753 737 2829 quia
751 2769 847 2828 parva
860 2754 1010 2828 videntur,

12 2835 13 2856 ¹
142 2839 187 2898 Tu
200 2844 302 2896 tamen
316 2837 408 2912 haee,
426 2853 557 2912 quaeso,
574 2839 700 2896 consule
715 2837 810 2897 missa
823 2837 906 2898 boni.

428 2979 623 2990 ffl

61 3018 94 3111 i.
140 3054 303 3117 sauro.

12 3101 17 3238 i
109 3136 200 3240 Quor
215 3178 254 3238 sa
269 3177 300 3237 in
314 3176 364 3237 ms
379 3177 488 3236 eurem
502 3176 667 3249 sententia,
683 3175 789 3254 autu,
806 3177 924 3251 tructus,

14 3271 15 3324 t
144 3259 283 3321 Carmina
297 3261 404 3322 neseio
421 3276 511 3335 quem
527 3275 653 3336 carpere
667 3268 772 3322 nostra
785 3261 898 3322 refers:

14 3343 16 3424 't
104 3341 148 3402 Nil
163 3345 220 3406 nisi
236 3360 285 3406 me
298 3351 380 3406 terra
396 3345 480 3405 fruar
492 3352 526 3406 ut
540 3345 687 3420 propiore
702 3361 820 3421 rogare,

16 3499 17 3504 γ
143 3426 182 3488 Et
197 3445 288 3504 quam
304 3430 362 3491 sim
377 3429 475 3491 denso
492 3428 607 3490 cinctus
623 3427 662 3488 ab
677 3429 783 3503 hoste,
799 3427 891 3502 ioqui.

17 3543 18 3574 ;
79 3507 144 3568 50!
162 3529 250 3585 quam
267 3514 306 3574 de
321 3513 422 3575 multis
436 3513 540 3574 vitium
559 3513 790 3590 reprehenditur
804 3521 910 3572 uuum!
