2394 3940
537 712 569 822 'r
602 682 643 822 n
680 692 709 820 ‘r
742 691 810 822 is.

253 963 400 1074 Tempus
411 996 454 1057 ad
467 995 537 1070 boo,
554 995 658 1058 lustrIs
672 993 721 1056 bis
735 993 795 1066 iam
810 991 882 1068 milri
900 989 1038 1069 quinque
1048 980 1188 1072 pereatis,

298 1082 394 1143 Omne
408 1080 463 1141 luit
475 1080 584 1142 Musae
597 1093 719 1147 oarmeu
733 1077 851 1154 iperme
865 1091 967 1137 meae:

255 1167 415 1242 Nullaque,
439 1179 519 1240 quae
532 1163 642 1240 possit
664 1161 787 1237 seriptis
801 1159 991 1242 tqt'mitibus,
1011 1159 1101 1224 ‘extat

296 1250 409 1311 Littera
423 1247 558 1310 Nasonis
570 1246 805 1324 sanguinolenta
821 1244 897 1322 legi:

223 1335 317 1400 oNee
332 1348 515 1409 quemquam
530 1332 639 1405 nostri,
658 1331 790 1404 nisime,
813 1330 932 1390 laesere
947 1325 1052 1404 libelli,

296 1416 432 1478 Artificis
446 1417 537 1492 periit
549 1431 619 1477 oum
635 1422 729 1491 eaput
742 1416 817 1476 Arte
832 1430 898 1475 sua.
949 1490 963 1501 ..
982 1481 984 1495 ‚

254 1502 372 1568 Unus...
388 1507 419 1562 et
431 1501 492 1563 hoe
505 1501 610 1577 ipsum
624 1506 673 1561 est
686 1499 795 1581 iniuria
808 1514 950 1574 magna...
966 1495 1137 1574 perennem

299 1584 448 1648 Candoris
462 1587 582 1648 titulum
595 1599 658 1646 non
674 1584 745 1644 sinit
757 1599 831 1646 esse
845 1583 914 1659 mei.

257 1670 401 1747 Quisquis
416 1669 444 1730 is
459 1677 536 1746 est..
551 1685 621 1734 nam
633 1683 744 1730 nomen
760 1667 861 1731 adhue
876 1673 1043 1746 utcumque
1055 1670 1191 1734 tacebo„

213 1768 249 1820 10
301 1755 388 1831 Cogit
401 1754 581 1818 inadsuetas
597 1768 718 1816 sumere
733 1752 793 1814 tela
806 1767 926 1814 manus.

256 1841 310 1900 llle
323 1841 491 1915 relegatum
505 1840 626 1915 gelidos
641 1837 794 1914 aquilonis
810 1836 849 1897 ad
867 1843 950 1898 ortus
1029 1834 1030 1837 ’
1192 1885 1193 1955 1

297 1924 364 1985 Non
378 1923 451 1984 sinit
464 1924 556 1986 exilio
573 1922 732 1986 delituisse
746 1937 831 2000 meoa
1053 1974 1064 1979 -

254 2010 454 2084 Vulneraque
469 2008 580 2070 inmitis
595 2007 732 2084 requiem
749 2006 926 2084 quaerentia
939 2013 1043 2084 vexat,
1191 2083 1192 2086 Ἴ

298 2093 393 2152 laetat
407 2097 436 2151 et
450 2093 480 2151 in
495 2099 563 2153 toto.
574 2093 698 2156 nomina
710 2097 819 2166 nostra
833 2089 910 2167 loro,
1191 2093 1192 2184 l

214 2175 468 2251 loperpetnoque
477 2175 555 2236 milri
570 2176 720 2248 sociatam*
733 2177 860 2242 loedere
875 2176 945 2236 leoli

297 2260 364 2321 Non
379 2259 490 2336 patitur
503 2259 607 2321 miseri
621 2260 729 2321 lunera
742 2260 819 2322 flere
833 2259 906 2320 viri:

257 2342 393 2420 Cumque
408 2360 466 2420 ego
480 2361 597 2421 quassa
610 2360 698 2408 meae
714 2346 901 2422 complectar
910 2339 1049 2406 membra
1064 2269 1191 2426 enrinaep

297 2428 453 2505 Naufragii
467 2430 588 2492 tabulas
605 2435 720 2507 pugnat
733 2429 847 2490 habere
861 2429 937 2492 mei:

255 2514 293 2574 Et
308 2513 360 2588 qui
375 2514 524 2576 debuerat
538 2515 655 2576 subitas
670 2514 847 2590 extinguere
862 2512 1013 2590 flammas,

209 2605 250 2658 20
301 2597 357 2658 llio
372 2601 519 2674 praedam
534 2599 636 2659 medio
651 2605 761 2674 raptor,
771 2597 809 2659 ab
825 2598 895 2675 igne
909 2600 995 2678 petit.

255 2681 371 2755 Nititur,
395 2689 429 2742 ut
442 2684 593 2758 profugae
609 2683 712 2743 desint
725 2683 869 2749 alimenta
884 2690 1040 2745 senectae.

297 2766 378 2825 Heu!
402 2773 515 2840 quanto
531 2773 580 2828 est
592 2768 706 2829 nostris
721 2767 842 2842 dignior
854 2767 923 2844 ipse
937 2769 1043 2830 malis!

255 2849 293 2908 Di
307 2849 431 2910 meliust
454 2866 582 2926 quornm
595 2851 687 2928 longe
701 2852 774 2912 mihi
788 2851 938 2914 maximus
952 2853 1004 2913 ille
1018 2859 1076 2930 est,

299 2933 355 3008 Qui
370 2940 492 2996 nostras
505 2935 615 3013 inopes
630 2935 728 2998 noluit
742 2952 814 2997 esse
829 2936 905 2998 vias.

210 3025 248 3080 25
259 3017 336 3079 Huic
351 3019 442 3094 igitur
456 3021 579 3082 meritas
594 3028 706 3096 grates,
729 3020 915 3110 ubicumque
930 3021 1042 3098 licebit,

297 3103 355 3163 Pro
370 3110 430 3164 tam
445 3113 605 3168 mansueto
620 3112 745 3181 pertore
760 3119 885 3182 semper
899 3122 997 3182 agam.

255 3187 369 3248 Audiet
384 3188 445 3249 hoo
457 3190 582 3251 Pontus.
615 3188 719 3251 Faciet
735 3206 860 3266 quoque
874 3191 1002 3252 forsitan
1018 3187 1123 3272 idem,

298 3273 392 3332 Terra
406 3272 446 3333 sit
460 3281 492 3334 ut
507 3273 635 3350 propior
648 3274 842 3336 testificanda
856 3274 940 3335 milri.

256 3355 297 3415 At
310 3353 373 3430 tibi,
396 3358 521 3419 ealoasti
542 3358 593 3434 qui
608 3374 665 3435 me,
689 3359 833 3434 violente,
855 3359 1015 3434 iacentem,

209 3447 250 3503 otto
305 3440 370 3514 Qua
385 3441 455 3502 lieet
469 3443 512 3502 ei!
534 3441 657 3518 misero,
675 3443 796 3504 debitus
808 3443 907 3504 hostis
923 3458 987 3504 ero.

256 3522 384 3614 Desinet
396 3542 468 3588 esse
483 3527 569 3608 prins
584 3528 753 3589 contrarius
770 3527 891 3603 ignibus
906 3528 1028 3602 humor,
