<?xml version="1.0" encoding="UTF-8"?>
<!DOCTYPE html PUBLIC "-//W3C//DTD XHTML 1.0 Transitional//EN"
    "http://www.w3.org/TR/xhtml1/DTD/xhtml1-transitional.dtd">
<html xmlns="http://www.w3.org/1999/xhtml" xml:lang="en" lang="en">
 <head>
  <title>
</title>
<meta http-equiv="Content-Type" content="text/html;charset=utf-8" />
  <meta name='ocr-system' content='tesseract 3.04.00' />
  <meta name='ocr-capabilities' content='ocr_page ocr_carea ocr_par ocr_line ocrx_word'/>
</head>
<body>
  <div class='ocr_page' id='page_1' title='image "./povidiusnaso00goog_0134.png"; bbox 0 0 2394 3940; ppageno 0'>
   <div class='ocr_carea' id='block_1_1' title="bbox 376 227 1021 307">
    <p class='ocr_par' dir='ltr' id='par_1_1' title="bbox 376 227 1021 307">
     <span class='ocr_line' id='line_1_1' title="bbox 376 227 1021 307; baseline 0.002 -16"><span class='ocrx_word' id='word_1_1' title='bbox 376 234 403 306; x_wconf 92' lang='lat' dir='ltr'>l,</span> <span class='ocrx_word' id='word_1_2' title='bbox 425 229 455 307; x_wconf 89' lang='grc'>4,</span> <span class='ocrx_word' id='word_1_3' title='bbox 479 228 570 306; x_wconf 87' lang='grc'><strong>1-5,</strong></span> <span class='ocrx_word' id='word_1_4' title='bbox 594 228 644 296; x_wconf 84' lang='lat'>13.</span> <span class='ocrx_word' id='word_1_5' title='bbox 960 227 1021 292; x_wconf 75' lang='lat'>123</span> 
     </span>
    </p>
   </div>
   <div class='ocr_carea' id='block_1_2' title="bbox 65 383 951 2220">
    <p class='ocr_par' dir='ltr' id='par_1_2' title="bbox 65 383 951 1714">
     <span class='ocr_line' id='line_1_2' title="bbox 98 383 920 460; baseline 0 -12"><span class='ocrx_word' id='word_1_6' title='bbox 98 387 153 448; x_wconf 85' lang='lat' dir='ltr'>Nec</span> <span class='ocrx_word' id='word_1_7' title='bbox 166 384 235 446; x_wconf 88' lang='lat' dir='ltr'>mihi</span> <span class='ocrx_word' id='word_1_8' title='bbox 247 383 365 460; x_wconf 80' lang='lat' dir='ltr'>Tiphys</span> <span class='ocrx_word' id='word_1_9' title='bbox 380 389 444 442; x_wconf 88' lang='lat' dir='ltr'>erat</span> <span class='ocrx_word' id='word_1_10' title='bbox 458 389 568 444; x_wconf 87' lang='lat' dir='ltr'>rector.</span> <span class='ocrx_word' id='word_1_11' title='bbox 600 400 658 444; x_wconf 90' lang='lat' dir='ltr'>mec</span> <span class='ocrx_word' id='word_1_12' title='bbox 671 386 815 460; x_wconf 79' lang='lat' dir='ltr'><strong>Agenore</strong></span> <span class='ocrx_word' id='word_1_13' title='bbox 830 393 920 448; x_wconf 85' lang='lat' dir='ltr'>natus</span> 
     </span>
     <span class='ocr_line' id='line_1_3' title="bbox 134 467 916 546; baseline -0.004 -15"><span class='ocrx_word' id='word_1_14' title='bbox 134 470 210 545; x_wconf 81' lang='lat' dir='ltr'>Quos</span> <span class='ocrx_word' id='word_1_15' title='bbox 224 470 369 542; x_wconf 81' lang='lat' dir='ltr'>lugerem,</span> <span class='ocrx_word' id='word_1_16' title='bbox 390 467 500 538; x_wconf 86' lang='lat' dir='ltr'>docuit,</span> <span class='ocrx_word' id='word_1_17' title='bbox 523 483 600 541; x_wconf 90' lang='lat' dir='ltr'>quas</span> <span class='ocrx_word' id='word_1_18' title='bbox 616 483 824 546; x_wconf 83' lang='lat' dir='ltr'>sequererque</span> <span class='ocrx_word' id='word_1_19' title='bbox 839 473 916 531; x_wconf 90' lang='lat' dir='ltr'>vias.</span> 
     </span>
     <span class='ocr_line' id='line_1_4' title="bbox 97 549 763 626; baseline -0.005 -13"><span class='ocrx_word' id='word_1_20' title='bbox 97 556 174 614; x_wconf 85' lang='lat' dir='ltr'>litum</span> <span class='ocrx_word' id='word_1_21' title='bbox 186 557 279 612; x_wconf 86' lang='lat' dir='ltr'>tutata</span> <span class='ocrx_word' id='word_1_22' title='bbox 293 559 341 611; x_wconf 92' lang='lat' dir='ltr'>est</span> <span class='ocrx_word' id='word_1_23' title='bbox 354 566 423 610; x_wconf 92' lang='lat' dir='ltr'>cum</span> <span class='ocrx_word' id='word_1_24' title='bbox 436 549 560 610; x_wconf 83' lang='lat' dir='ltr'>Pallade</span> <span class='ocrx_word' id='word_1_25' title='bbox 574 551 659 626; x_wconf 79' lang='lat' dir='ltr'>regia</span> <span class='ocrx_word' id='word_1_26' title='bbox 673 552 763 614; x_wconf 80' lang='lat' dir='ltr'>luno=</span> 
     </span>
     <span class='ocr_line' id='line_1_5' title="bbox 65 635 766 711; baseline -0.007 -10"><span class='ocrx_word' id='word_1_27' title='bbox 65 652 92 702; x_wconf 80' lang='lat' dir='ltr'>to</span> <span class='ocrx_word' id='word_1_28' title='bbox 135 637 301 697; x_wconf 87' lang='lat' dir='ltr'>Delendere</span> <span class='ocrx_word' id='word_1_29' title='bbox 315 650 416 694; x_wconf 89' lang='lat' dir='ltr'>meum</span> <span class='ocrx_word' id='word_1_30' title='bbox 430 635 554 694; x_wconf 89' lang='lat' dir='ltr'>numina</span> <span class='ocrx_word' id='word_1_31' title='bbox 567 635 651 695; x_wconf 91' lang='lat' dir='ltr'>nulla</span> <span class='ocrx_word' id='word_1_32' title='bbox 666 644 766 711; x_wconf 87' lang='lat' dir='ltr'>caput.</span> 
     </span>
     <span class='ocr_line' id='line_1_6' title="bbox 97 717 721 793; baseline -0.008 -13"><span class='ocrx_word' id='word_1_33' title='bbox 97 723 174 781; x_wconf 89' lang='lat' dir='ltr'>lllum</span> <span class='ocrx_word' id='word_1_34' title='bbox 187 720 316 780; x_wconf 74' lang='lat' dir='ltr'>furtivae</span> <span class='ocrx_word' id='word_1_35' title='bbox 329 718 435 778; x_wconf 88' lang='lat' dir='ltr'>iuvere</span> <span class='ocrx_word' id='word_1_36' title='bbox 451 717 609 793; x_wconf 82' lang='lat' dir='ltr'>Cupidinis</span> <span class='ocrx_word' id='word_1_37' title='bbox 625 725 721 779; x_wconf 80' lang='lat' dir='ltr'>artes:</span> 
     </span>
     <span class='ocr_line' id='line_1_7' title="bbox 135 802 799 879; baseline -0.002 -15"><span class='ocrx_word' id='word_1_38' title='bbox 135 805 211 879; x_wconf 82' lang='lat' dir='ltr'>Quas</span> <span class='ocrx_word' id='word_1_39' title='bbox 224 819 244 863; x_wconf 90' lang='lat' dir='ltr'>a</span> <span class='ocrx_word' id='word_1_40' title='bbox 257 817 306 862; x_wconf 88' lang='lat' dir='ltr'>me</span> <span class='ocrx_word' id='word_1_41' title='bbox 320 803 429 862; x_wconf 90' lang='lat' dir='ltr'>vellem</span> <span class='ocrx_word' id='word_1_42' title='bbox 444 817 504 862; x_wconf 92' lang='lat' dir='ltr'>non</span> <span class='ocrx_word' id='word_1_43' title='bbox 520 802 682 863; x_wconf 82' lang='lat' dir='ltr'>didicisset</span> <span class='ocrx_word' id='word_1_44' title='bbox 693 804 799 864; x_wconf 90' lang='lat' dir='ltr'>Amor.</span> 
     </span>
     <span class='ocr_line' id='line_1_8' title="bbox 98 885 866 964; baseline 0.001 -16"><span class='ocrx_word' id='word_1_45' title='bbox 98 890 144 949; x_wconf 92' lang='lat' dir='ltr'>ltle</span> <span class='ocrx_word' id='word_1_46' title='bbox 158 889 278 948; x_wconf 91' lang='lat' dir='ltr'>domum</span> <span class='ocrx_word' id='word_1_47' title='bbox 292 885 390 946; x_wconf 88' lang='lat' dir='ltr'>rediit.</span> <span class='ocrx_word' id='word_1_48' title='bbox 414 901 472 946; x_wconf 91' lang='lat' dir='ltr'>nos</span> <span class='ocrx_word' id='word_1_49' title='bbox 487 885 535 946; x_wconf 91' lang='lat' dir='ltr'>his</span> <span class='ocrx_word' id='word_1_50' title='bbox 550 887 715 946; x_wconf 87' lang='lat' dir='ltr'>moriemur</span> <span class='ocrx_word' id='word_1_51' title='bbox 729 888 759 948; x_wconf 92' lang='lat' dir='ltr'>in</span> <span class='ocrx_word' id='word_1_52' title='bbox 775 888 866 964; x_wconf 88' lang='lat' dir='ltr'>arvis,</span> 
     </span>
     <span class='ocr_line' id='line_1_9' title="bbox 132 969 679 1044; baseline -0.007 -12"><span class='ocrx_word' id='word_1_53' title='bbox 132 971 293 1032; x_wconf 83' lang='lat' dir='ltr'>Persu&#39;ten&#39;t</span> <span class='ocrx_word' id='word_1_54' title='bbox 306 969 382 1029; x_wconf 86' lang='lat' dir='ltr'>laesi</span> <span class='ocrx_word' id='word_1_55' title='bbox 400 969 427 1029; x_wconf 93' lang='lat' dir='ltr'>si</span> <span class='ocrx_word' id='word_1_56' title='bbox 441 969 544 1044; x_wconf 85' lang='lat' dir='ltr'>gravis</span> <span class='ocrx_word' id='word_1_57' title='bbox 559 970 605 1028; x_wconf 90' lang='lat' dir='ltr'>ira</span> <span class='ocrx_word' id='word_1_58' title='bbox 619 970 679 1029; x_wconf 91' lang='lat' dir='ltr'>dei.</span> 
     </span>
     <span class='ocr_line' id='line_1_10' title="bbox 68 1053 855 1131; baseline -0.003 -14"><span class='ocrx_word' id='word_1_59' title='bbox 68 1067 92 1116; x_wconf 72' lang='lat' dir='ltr'>ta</span> <span class='ocrx_word' id='word_1_60' title='bbox 100 1056 199 1117; x_wconf 85' lang='lat' dir='ltr'>Durius</span> <span class='ocrx_word' id='word_1_61' title='bbox 214 1061 262 1114; x_wconf 87' lang='lat' dir='ltr'>est</span> <span class='ocrx_word' id='word_1_62' title='bbox 274 1053 366 1128; x_wconf 84' lang='lat' dir='ltr'>igitur</span> <span class='ocrx_word' id='word_1_63' title='bbox 379 1061 526 1129; x_wconf 89' lang='lat' dir='ltr'>nostrum,</span> <span class='ocrx_word' id='word_1_64' title='bbox 549 1053 699 1114; x_wconf 85' lang='lat' dir='ltr'>fidissima</span> <span class='ocrx_word' id='word_1_65' title='bbox 713 1054 855 1131; x_wconf 89' lang='lat' dir='ltr'>coniunx,</span> 
     </span>
     <span class='ocr_line' id='line_1_11' title="bbox 132 1136 771 1212; baseline -0.003 -14"><span class='ocrx_word' id='word_1_66' title='bbox 132 1139 190 1212; x_wconf 88' lang='lat' dir='ltr'>illo,</span> <span class='ocrx_word' id='word_1_67' title='bbox 214 1137 299 1212; x_wconf 91' lang='lat' dir='ltr'>quod</span> <span class='ocrx_word' id='word_1_68' title='bbox 314 1136 408 1198; x_wconf 91' lang='lat' dir='ltr'>subiit</span> <span class='ocrx_word' id='word_1_69' title='bbox 420 1138 546 1200; x_wconf 83' lang='lat' dir='ltr'>Aesone</span> <span class='ocrx_word' id='word_1_70' title='bbox 560 1141 659 1211; x_wconf 88' lang='lat' dir='ltr'>natus,</span> <span class='ocrx_word' id='word_1_71' title='bbox 683 1153 771 1198; x_wconf 89' lang='lat' dir='ltr'>onus.</span> 
     </span>
     <span class='ocr_line' id='line_1_12' title="bbox 97 1221 951 1302; baseline 0.006 -20"><span class='ocrx_word' id='word_1_72' title='bbox 97 1223 131 1282; x_wconf 87' lang='lat' dir='ltr'>Te</span> <span class='ocrx_word' id='word_1_73' title='bbox 144 1237 273 1298; x_wconf 90' lang='lat' dir='ltr'>quoque,</span> <span class='ocrx_word' id='word_1_74' title='bbox 296 1236 387 1296; x_wconf 89' lang='lat' dir='ltr'>quam</span> <span class='ocrx_word' id='word_1_75' title='bbox 401 1221 542 1281; x_wconf 90' lang='lat' dir='ltr'>iuvenem</span> <span class='ocrx_word' id='word_1_76' title='bbox 557 1221 721 1282; x_wconf 84' lang='lat' dir='ltr'>discedens</span> <span class='ocrx_word' id='word_1_77' title='bbox 736 1222 819 1284; x_wconf 86' lang='lat' dir='ltr'>Urbe</span> <span class='ocrx_word' id='word_1_78' title='bbox 832 1225 951 1302; x_wconf 86' lang='lat' dir='ltr'>reliqui,</span> 
     </span>
     <span class='ocr_line' id='line_1_13' title="bbox 133 1304 767 1366; baseline 0 -1"><span class='ocrx_word' id='word_1_79' title='bbox 133 1305 278 1365; x_wconf 81' lang='lat' dir='ltr'>Credibile</span> <span class='ocrx_word' id='word_1_80' title='bbox 293 1311 340 1364; x_wconf 85' lang='lat' dir='ltr'>est</span> <span class='ocrx_word' id='word_1_81' title='bbox 354 1305 467 1364; x_wconf 87' lang='lat' dir='ltr'>nostris</span> <span class='ocrx_word' id='word_1_82' title='bbox 481 1304 655 1366; x_wconf 88' lang='lat' dir='ltr'>insenuisse</span> <span class='ocrx_word' id='word_1_83' title='bbox 669 1305 767 1366; x_wconf 88' lang='lat' dir='ltr'>malis.</span> 
     </span>
     <span class='ocr_line' id='line_1_14' title="bbox 100 1387 848 1468; baseline 0.005 -19"><span class='ocrx_word' id='word_1_84' title='bbox 100 1387 132 1449; x_wconf 85' lang='lat'>0!</span> <span class='ocrx_word' id='word_1_85' title='bbox 149 1405 215 1465; x_wconf 84' lang='lat' dir='ltr'>ego,</span> <span class='ocrx_word' id='word_1_86' title='bbox 238 1389 269 1448; x_wconf 92' lang='lat' dir='ltr'>di</span> <span class='ocrx_word' id='word_1_87' title='bbox 283 1389 403 1462; x_wconf 81' lang='lat' dir='ltr'>iaciant,</span> <span class='ocrx_word' id='word_1_88' title='bbox 426 1390 516 1448; x_wconf 90' lang='lat' dir='ltr'>talem</span> <span class='ocrx_word' id='word_1_89' title='bbox 529 1395 560 1450; x_wconf 85' lang='lat' dir='ltr'>te</span> <span class='ocrx_word' id='word_1_90' title='bbox 572 1403 697 1450; x_wconf 86' lang='lat' dir='ltr'>cernere</span> <span class='ocrx_word' id='word_1_91' title='bbox 714 1405 848 1468; x_wconf 89' lang='lat' dir='ltr'>possem,</span> 
     </span>
     <span class='ocr_line' id='line_1_15' title="bbox 69 1472 730 1549; baseline -0.003 -15"><span class='ocrx_word' id='word_1_92' title='bbox 69 1483 93 1534; x_wconf 70' lang='lat' dir='ltr'>io</span> <span class='ocrx_word' id='word_1_93' title='bbox 135 1472 270 1547; x_wconf 77' lang='lat' dir='ltr'>deraque</span> <span class='ocrx_word' id='word_1_94' title='bbox 282 1472 405 1532; x_wconf 90' lang='lat' dir='ltr'>mutatis</span> <span class='ocrx_word' id='word_1_95' title='bbox 419 1473 526 1532; x_wconf 89' lang='lat' dir='ltr'>oscula</span> <span class='ocrx_word' id='word_1_96' title='bbox 540 1474 619 1532; x_wconf 84' lang='lat' dir='ltr'>terre</span> <span class='ocrx_word' id='word_1_97' title='bbox 633 1473 730 1549; x_wconf 84' lang='lat' dir='ltr'>genis,</span> 
     </span>
     <span class='ocr_line' id='line_1_16' title="bbox 99 1555 875 1634; baseline 0.003 -18"><span class='ocrx_word' id='word_1_98' title='bbox 99 1555 299 1632; x_wconf 85' lang='lat' dir='ltr'>Amplectique</span> <span class='ocrx_word' id='word_1_99' title='bbox 317 1556 394 1616; x_wconf 91' lang='lat' dir='ltr'>meis</span> <span class='ocrx_word' id='word_1_100' title='bbox 410 1571 523 1632; x_wconf 88' lang='lat' dir='ltr'>corpus</span> <span class='ocrx_word' id='word_1_101' title='bbox 538 1572 599 1616; x_wconf 94' lang='lat' dir='ltr'>non</span> <span class='ocrx_word' id='word_1_102' title='bbox 614 1556 729 1632; x_wconf 80' lang='lat' dir='ltr'>pingue</span> <span class='ocrx_word' id='word_1_103' title='bbox 743 1559 875 1634; x_wconf 89' lang='lat' dir='ltr'>lacertis,</span> 
     </span>
     <span class='ocr_line' id='line_1_17' title="bbox 132 1639 806 1714; baseline -0.004 -14"><span class='ocrx_word' id='word_1_104' title='bbox 132 1641 166 1700; x_wconf 84' lang='lat' dir='ltr'>Et</span> <span class='ocrx_word' id='word_1_105' title='bbox 178 1640 305 1714; x_wconf 71' lang='lat' dir='ltr'>‘gracile</span> <span class='ocrx_word' id='word_1_106' title='bbox 319 1639 379 1700; x_wconf 91' lang='lat' dir='ltr'>hoc</span> <span class='ocrx_word' id='word_1_107' title='bbox 397 1640 480 1700; x_wconf 87' lang='lat' dir='ltr'>lecit’</span> <span class='ocrx_word' id='word_1_108' title='bbox 496 1640 599 1701; x_wconf 84' lang='lat' dir='ltr'>dicere</span> <span class='ocrx_word' id='word_1_109' title='bbox 613 1643 699 1700; x_wconf 75' lang='lat' dir='ltr'>‘cura</span> <span class='ocrx_word' id='word_1_110' title='bbox 714 1642 806 1701; x_wconf 64' lang='lat' dir='ltr'>meii’</span> 
     </span>
    </p>

    <p class='ocr_par' dir='ltr' id='par_1_3' title="bbox 71 1721 918 1968">
     <span class='ocr_line' id='line_1_18' title="bbox 100 1721 788 1799; baseline 0.006 -17"><span class='ocrx_word' id='word_1_111' title='bbox 100 1724 130 1783; x_wconf 84' lang='lat' dir='ltr'>Et</span> <span class='ocrx_word' id='word_1_112' title='bbox 142 1739 262 1784; x_wconf 87' lang='lat' dir='ltr'>narrare</span> <span class='ocrx_word' id='word_1_113' title='bbox 278 1739 364 1783; x_wconf 90' lang='lat' dir='ltr'>meos</span> <span class='ocrx_word' id='word_1_114' title='bbox 379 1721 465 1785; x_wconf 87' lang='lat' dir='ltr'>flenti</span> <span class='ocrx_word' id='word_1_115' title='bbox 479 1724 558 1785; x_wconf 88' lang='lat' dir='ltr'>flens</span> <span class='ocrx_word' id='word_1_116' title='bbox 572 1725 642 1798; x_wconf 91' lang='lat' dir='ltr'>ipse</span> <span class='ocrx_word' id='word_1_117' title='bbox 656 1724 788 1799; x_wconf 72' lang='lat' dir='ltr'>labores</span> 
     </span>
     <span class='ocr_line' id='line_1_19' title="bbox 135 1806 856 1884; baseline -0.004 -16"><span class='ocrx_word' id='word_1_118' title='bbox 135 1806 259 1883; x_wconf 87' lang='lat' dir='ltr'>Sperato</span> <span class='ocrx_word' id='word_1_119' title='bbox 274 1823 438 1882; x_wconf 79' lang='lat' dir='ltr'>numquam</span> <span class='ocrx_word' id='word_1_120' title='bbox 453 1807 681 1884; x_wconf 86' lang='lat' dir='ltr'>conloquioque</span> <span class='ocrx_word' id='word_1_121' title='bbox 696 1808 763 1882; x_wconf 86' lang='lat' dir='ltr'>lrui,</span> <span class='ocrx_word' id='word_1_122' title='bbox 853 1808 856 1813; x_wconf 82' lang='grc'><strong>“</strong></span> 
     </span>
     <span class='ocr_line' id='line_1_20' title="bbox 71 1890 918 1968; baseline 0.007 -22"><span class='ocrx_word' id='word_1_123' title='bbox 71 1891 228 1966; x_wconf 74' lang='lat' dir='ltr'>ternaque</span> <span class='ocrx_word' id='word_1_124' title='bbox 244 1891 426 1952; x_wconf 84' lang='lat' dir='ltr'>caesaribus</span> <span class='ocrx_word' id='word_1_125' title='bbox 443 1907 510 1952; x_wconf 90' lang='lat' dir='ltr'>cum</span> <span class='ocrx_word' id='word_1_126' title='bbox 525 1891 656 1966; x_wconf 83' lang='lat' dir='ltr'>coniuge</span> <span class='ocrx_word' id='word_1_127' title='bbox 671 1890 802 1952; x_wconf 85' lang='lat' dir='ltr'>Caesare</span> <span class='ocrx_word' id='word_1_128' title='bbox 817 1892 918 1968; x_wconf 80' lang='lat' dir='ltr'>digna,</span> 
     </span>
    </p>

    <p class='ocr_par' dir='ltr' id='par_1_4' title="bbox 100 1975 883 2220">
     <span class='ocr_line' id='line_1_21' title="bbox 133 1975 771 2050; baseline 0 -16"><span class='ocrx_word' id='word_1_129' title='bbox 133 1975 183 2034; x_wconf 84' lang='lat' dir='ltr'>llis</span> <span class='ocrx_word' id='word_1_130' title='bbox 195 1975 288 2050; x_wconf 88' lang='lat' dir='ltr'>veris,</span> <span class='ocrx_word' id='word_1_131' title='bbox 310 1975 438 2036; x_wconf 89' lang='lat' dir='ltr'>memori</span> <span class='ocrx_word' id='word_1_132' title='bbox 452 1976 556 2038; x_wconf 88' lang='lat' dir='ltr'>debita</span> <span class='ocrx_word' id='word_1_133' title='bbox 570 1977 650 2036; x_wconf 84' lang='lat' dir='ltr'>terre</span> <span class='ocrx_word' id='word_1_134' title='bbox 664 1983 771 2035; x_wconf 85' lang='lat' dir='ltr'>manu!</span> 
     </span>
     <span class='ocr_line' id='line_1_22' title="bbox 100 2057 883 2136; baseline 0.003 -20"><span class='ocrx_word' id='word_1_135' title='bbox 100 2057 256 2119; x_wconf 87' lang='lat' dir='ltr'>Memnonis</span> <span class='ocrx_word' id='word_1_136' title='bbox 270 2058 350 2118; x_wconf 90' lang='lat' dir='ltr'>hanc</span> <span class='ocrx_word' id='word_1_137' title='bbox 363 2059 487 2136; x_wconf 83' lang='lat' dir='ltr'>utinam,</span> <span class='ocrx_word' id='word_1_138' title='bbox 508 2061 601 2121; x_wconf 88' lang='lat' dir='ltr'>lenito</span> <span class='ocrx_word' id='word_1_139' title='bbox 618 2058 764 2134; x_wconf 85' lang='lat' dir='ltr'>principe,</span> <span class='ocrx_word' id='word_1_140' title='bbox 786 2067 883 2120; x_wconf 85' lang='lat' dir='ltr'>mater</span> 
     </span>
     <span class='ocr_line' id='line_1_23' title="bbox 135 2140 816 2220; baseline 0 -18"><span class='ocrx_word' id='word_1_141' title='bbox 135 2140 223 2215; x_wconf 83' lang='lat' dir='ltr'>Quam</span> <span class='ocrx_word' id='word_1_142' title='bbox 237 2141 367 2218; x_wconf 89' lang='lat' dir='ltr'>primum</span> <span class='ocrx_word' id='word_1_143' title='bbox 382 2157 473 2204; x_wconf 90' lang='lat' dir='ltr'>roseo</span> <span class='ocrx_word' id='word_1_144' title='bbox 490 2148 639 2220; x_wconf 77' lang='lat' dir='ltr'>provocet</span> <span class='ocrx_word' id='word_1_145' title='bbox 654 2156 707 2201; x_wconf 88' lang='lat' dir='ltr'>ore</span> <span class='ocrx_word' id='word_1_146' title='bbox 721 2142 816 2202; x_wconf 88' lang='lat' dir='ltr'>diemt</span> 
     </span>
    </p>
   </div>
   <div class='ocr_carea' id='block_1_3' title="bbox 65 2321 324 2420">
    <p class='ocr_par' dir='ltr' id='par_1_5' title="bbox 65 2321 324 2420">
     <span class='ocr_line' id='line_1_24' title="bbox 65 2321 324 2420; baseline 0.031 -8"><span class='ocrx_word' id='word_1_147' title='bbox 65 2321 92 2420; x_wconf 75' lang='lat'>5.</span> <span class='ocrx_word' id='word_1_148' title='bbox 133 2358 324 2420; x_wconf 73' lang='lat' dir='ltr'>minimo.</span> 
     </span>
    </p>
   </div>
   <div class='ocr_carea' id='block_1_4' title="bbox 73 2440 1023 3460">
    <p class='ocr_par' dir='ltr' id='par_1_6' title="bbox 102 2440 847 2632">
     <span class='ocr_line' id='line_1_25' title="bbox 102 2440 847 2550; baseline -0.005 -16"><span class='ocrx_word' id='word_1_149' title='bbox 102 2440 149 2534; x_wconf 72' lang='lat' dir='ltr'>lile</span> <span class='ocrx_word' id='word_1_150' title='bbox 161 2479 228 2535; x_wconf 87' lang='lat' dir='ltr'>tuos</span> <span class='ocrx_word' id='word_1_151' title='bbox 243 2475 399 2550; x_wconf 88' lang='lat' dir='ltr'>quondam</span> <span class='ocrx_word' id='word_1_152' title='bbox 413 2489 474 2534; x_wconf 90' lang='lat' dir='ltr'>mon</span> <span class='ocrx_word' id='word_1_153' title='bbox 489 2473 613 2533; x_wconf 89' lang='lat' dir='ltr'>ultimus</span> <span class='ocrx_word' id='word_1_154' title='bbox 626 2473 705 2531; x_wconf 87' lang='lat' dir='ltr'>inter</span> <span class='ocrx_word' id='word_1_155' title='bbox 721 2471 847 2546; x_wconf 84' lang='lat' dir='ltr'>amicos,</span> 
     </span>
     <span class='ocr_line' id='line_1_26' title="bbox 133 2555 835 2632; baseline -0.009 -14"><span class='ocrx_word' id='word_1_156' title='bbox 133 2557 171 2618; x_wconf 89' lang='lat' dir='ltr'>Ut</span> <span class='ocrx_word' id='word_1_157' title='bbox 182 2573 237 2618; x_wconf 89' lang='lat' dir='ltr'>sua</span> <span class='ocrx_word' id='word_1_158' title='bbox 251 2559 347 2619; x_wconf 89' lang='lat' dir='ltr'>verba</span> <span class='ocrx_word' id='word_1_159' title='bbox 361 2558 455 2632; x_wconf 79' lang='lat' dir='ltr'>legas,</span> <span class='ocrx_word' id='word_1_160' title='bbox 476 2557 619 2628; x_wconf 87' lang='lat' dir='ltr'>Maxime,</span> <span class='ocrx_word' id='word_1_161' title='bbox 640 2555 723 2614; x_wconf 88' lang='lat' dir='ltr'>Naso</span> <span class='ocrx_word' id='word_1_162' title='bbox 738 2561 835 2628; x_wconf 82' lang='lat' dir='ltr'>rogat.</span> 
     </span>
    </p>

    <p class='ocr_par' dir='ltr' id='par_1_7' title="bbox 101 2639 876 2785">
     <span class='ocr_line' id='line_1_27' title="bbox 101 2639 876 2716; baseline 0 -19"><span class='ocrx_word' id='word_1_163' title='bbox 101 2641 127 2699; x_wconf 90' lang='lat' dir='ltr'>ln</span> <span class='ocrx_word' id='word_1_164' title='bbox 141 2640 245 2716; x_wconf 90' lang='lat' dir='ltr'>quibus</span> <span class='ocrx_word' id='word_1_165' title='bbox 260 2641 414 2716; x_wconf 82' lang='lat' dir='ltr'>ingenium</span> <span class='ocrx_word' id='word_1_166' title='bbox 430 2641 545 2702; x_wconf 88' lang='lat' dir='ltr'>desiste</span> <span class='ocrx_word' id='word_1_167' title='bbox 557 2639 715 2716; x_wconf 88' lang='lat' dir='ltr'>requirere</span> <span class='ocrx_word' id='word_1_168' title='bbox 729 2645 876 2713; x_wconf 88' lang='lat' dir='ltr'>nostrum,</span> 
     </span>
     <span class='ocr_line' id='line_1_28' title="bbox 134 2724 628 2785; baseline -0.002 -1"><span class='ocrx_word' id='word_1_169' title='bbox 134 2724 256 2785; x_wconf 83' lang='lat' dir='ltr'>Nescius</span> <span class='ocrx_word' id='word_1_170' title='bbox 272 2725 355 2784; x_wconf 85' lang='lat' dir='ltr'>exilii</span> <span class='ocrx_word' id='word_1_171' title='bbox 368 2739 408 2784; x_wconf 91' lang='lat' dir='ltr'>ne</span> <span class='ocrx_word' id='word_1_172' title='bbox 420 2725 545 2785; x_wconf 88' lang='lat' dir='ltr'>videare</span> <span class='ocrx_word' id='word_1_173' title='bbox 560 2724 628 2784; x_wconf 89' lang='lat' dir='ltr'>mei.</span> 
     </span>
    </p>

    <p class='ocr_par' dir='ltr' id='par_1_8' title="bbox 82 2806 835 2968">
     <span class='ocr_line' id='line_1_29' title="bbox 82 2806 835 2890; baseline 0.001 -25"><span class='ocrx_word' id='word_1_174' title='bbox 82 2806 203 2883; x_wconf 68' lang='lat' dir='ltr'>acernis,</span> <span class='ocrx_word' id='word_1_175' title='bbox 220 2815 254 2890; x_wconf 85' lang='lat' dir='ltr'>ut</span> <span class='ocrx_word' id='word_1_176' title='bbox 267 2808 412 2884; x_wconf 82' lang='lat' dir='ltr'>ignavum</span> <span class='ocrx_word' id='word_1_177' title='bbox 427 2815 621 2884; x_wconf 86' lang='lat' dir='ltr'>comumpant</span> <span class='ocrx_word' id='word_1_178' title='bbox 636 2807 698 2868; x_wconf 88' lang='lat' dir='ltr'>otia</span> <span class='ocrx_word' id='word_1_179' title='bbox 712 2821 835 2882; x_wconf 86' lang='lat' dir='ltr'>eorpus,</span> 
     </span>
     <span class='ocr_line' id='line_1_30' title="bbox 135 2891 820 2968; baseline -0.01 -15"><span class='ocrx_word' id='word_1_180' title='bbox 135 2891 172 2953; x_wconf 87' lang='lat' dir='ltr'>Ut</span> <span class='ocrx_word' id='word_1_181' title='bbox 184 2891 306 2968; x_wconf 86' lang='lat' dir='ltr'>capiant</span> <span class='ocrx_word' id='word_1_182' title='bbox 320 2891 432 2964; x_wconf 90' lang='lat' dir='ltr'>vitium,</span> <span class='ocrx_word' id='word_1_183' title='bbox 455 2892 486 2950; x_wconf 91' lang='lat' dir='ltr'>ni</span> <span class='ocrx_word' id='word_1_184' title='bbox 502 2896 689 2965; x_wconf 88' lang='lat' dir='ltr'>moveantur,</span> <span class='ocrx_word' id='word_1_185' title='bbox 712 2905 820 2965; x_wconf 87' lang='lat' dir='ltr'>equae.</span> 
     </span>
    </p>

    <p class='ocr_par' dir='ltr' id='par_1_9' title="bbox 101 2972 805 3135">
     <span class='ocr_line' id='line_1_31' title="bbox 101 2972 805 3052; baseline 0 -19"><span class='ocrx_word' id='word_1_186' title='bbox 101 2972 132 3034; x_wconf 81' lang='lat' dir='ltr'>tt</span> <span class='ocrx_word' id='word_1_187' title='bbox 144 2974 212 3035; x_wconf 83' lang='lat' dir='ltr'>milri</span> <span class='ocrx_word' id='word_1_188' title='bbox 226 2975 325 3052; x_wconf 91' lang='lat' dir='ltr'>siquis</span> <span class='ocrx_word' id='word_1_189' title='bbox 339 2982 405 3036; x_wconf 87' lang='lat' dir='ltr'>erat</span> <span class='ocrx_word' id='word_1_190' title='bbox 418 2976 550 3037; x_wconf 79' lang='lat' dir='ltr'>ducendi</span> <span class='ocrx_word' id='word_1_191' title='bbox 565 2974 707 3036; x_wconf 90' lang='lat' dir='ltr'>carminis</span> <span class='ocrx_word' id='word_1_192' title='bbox 723 2989 805 3046; x_wconf 87' lang='lat' dir='ltr'>usus,</span> 
     </span>
     <span class='ocr_line' id='line_1_32' title="bbox 134 3057 801 3135; baseline -0.001 -18"><span class='ocrx_word' id='word_1_193' title='bbox 134 3057 247 3135; x_wconf 82' lang='lat' dir='ltr'>Deficit,</span> <span class='ocrx_word' id='word_1_194' title='bbox 270 3065 381 3135; x_wconf 86' lang='lat' dir='ltr'>estque</span> <span class='ocrx_word' id='word_1_195' title='bbox 395 3059 495 3121; x_wconf 91' lang='lat' dir='ltr'>minor</span> <span class='ocrx_word' id='word_1_196' title='bbox 508 3060 606 3121; x_wconf 87' lang='lat' dir='ltr'>lactus</span> <span class='ocrx_word' id='word_1_197' title='bbox 621 3059 717 3118; x_wconf 89' lang='lat' dir='ltr'>inerte</span> <span class='ocrx_word' id='word_1_198' title='bbox 732 3058 801 3118; x_wconf 89' lang='lat' dir='ltr'>situ.</span> 
     </span>
    </p>

    <p class='ocr_par' dir='ltr' id='par_1_10' title="bbox 100 3137 1023 3218">
     <span class='ocr_line' id='line_1_33' title="bbox 100 3137 1023 3218; baseline -0.001 -19"><span class='ocrx_word' id='word_1_199' title='bbox 100 3137 173 3200; x_wconf 90' lang='lat' dir='ltr'>Haec</span> <span class='ocrx_word' id='word_1_200' title='bbox 184 3159 316 3218; x_wconf 90' lang='lat' dir='ltr'>quoque,</span> <span class='ocrx_word' id='word_1_201' title='bbox 329 3159 408 3218; x_wconf 89' lang='lat' dir='ltr'>quae</span> <span class='ocrx_word' id='word_1_202' title='bbox 420 3144 528 3218; x_wconf 83' lang='lat' dir='ltr'>legitis,</span> <span class='ocrx_word' id='word_1_203' title='bbox 541 3143 568 3204; x_wconf 92' lang='lat' dir='ltr'>si</span> <span class='ocrx_word' id='word_1_204' title='bbox 582 3141 655 3218; x_wconf 89' lang='lat' dir='ltr'>quid</span> <span class='ocrx_word' id='word_1_205' title='bbox 663 3141 744 3214; x_wconf 90' lang='lat' dir='ltr'>mihi,</span> <span class='ocrx_word' id='word_1_206' title='bbox 755 3140 898 3215; x_wconf 87' lang='lat' dir='ltr'>Maxime,</span> <span class='ocrx_word' id='word_1_207' title='bbox 910 3138 1023 3212; x_wconf 91' lang='lat' dir='ltr'>eredis,</span> 
     </span>
    </p>

    <p class='ocr_par' dir='ltr' id='par_1_11' title="bbox 73 3223 775 3302">
     <span class='ocr_line' id='line_1_34' title="bbox 73 3223 775 3302; baseline 0.001 -21"><span class='ocrx_word' id='word_1_208' title='bbox 73 3228 96 3280; x_wconf 88' lang='lat' dir='ltr'>to</span> <span class='ocrx_word' id='word_1_209' title='bbox 137 3223 300 3287; x_wconf 84' lang='lat' dir='ltr'>Scribimus</span> <span class='ocrx_word' id='word_1_210' title='bbox 315 3227 410 3288; x_wconf 86' lang='lat' dir='ltr'>invita</span> <span class='ocrx_word' id='word_1_211' title='bbox 423 3229 539 3302; x_wconf 89' lang='lat' dir='ltr'>vixque</span> <span class='ocrx_word' id='word_1_212' title='bbox 553 3232 661 3286; x_wconf 88' lang='lat' dir='ltr'>coacta</span> <span class='ocrx_word' id='word_1_213' title='bbox 675 3240 775 3284; x_wconf 89' lang='lat' dir='ltr'>manu.</span> 
     </span>
    </p>

    <p class='ocr_par' dir='ltr' id='par_1_12' title="bbox 99 3304 831 3460">
     <span class='ocr_line' id='line_1_35' title="bbox 99 3304 831 3382; baseline 0.003 -18"><span class='ocrx_word' id='word_1_214' title='bbox 99 3304 156 3366; x_wconf 88' lang='lat' dir='ltr'>Non</span> <span class='ocrx_word' id='word_1_215' title='bbox 171 3309 242 3370; x_wconf 90' lang='lat' dir='ltr'>libet</span> <span class='ocrx_word' id='word_1_216' title='bbox 254 3310 284 3369; x_wconf 92' lang='lat' dir='ltr'>im</span> <span class='ocrx_word' id='word_1_217' title='bbox 300 3311 370 3371; x_wconf 88' lang='lat' dir='ltr'>talis</span> <span class='ocrx_word' id='word_1_218' title='bbox 386 3312 517 3371; x_wconf 89' lang='lat' dir='ltr'>animum</span> <span class='ocrx_word' id='word_1_219' title='bbox 532 3309 717 3372; x_wconf 88' lang='lat' dir='ltr'>contendere</span> <span class='ocrx_word' id='word_1_220' title='bbox 732 3323 831 3382; x_wconf 89' lang='lat' dir='ltr'>curas,</span> 
     </span>
     <span class='ocr_line' id='line_1_36' title="bbox 132 3389 797 3460; baseline -0.002 -9"><span class='ocrx_word' id='word_1_221' title='bbox 132 3389 192 3460; x_wconf 83' lang='lat' dir='ltr'>Nec</span> <span class='ocrx_word' id='word_1_222' title='bbox 205 3395 288 3455; x_wconf 88' lang='lat' dir='ltr'>venit</span> <span class='ocrx_word' id='word_1_223' title='bbox 301 3395 341 3455; x_wconf 86' lang='lat' dir='ltr'>ad</span> <span class='ocrx_word' id='word_1_224' title='bbox 357 3394 452 3455; x_wconf 92' lang='lat' dir='ltr'>duros</span> <span class='ocrx_word' id='word_1_225' title='bbox 466 3393 557 3454; x_wconf 87' lang='lat' dir='ltr'>Musa</span> <span class='ocrx_word' id='word_1_226' title='bbox 571 3399 680 3454; x_wconf 88' lang='lat' dir='ltr'>vocata</span> <span class='ocrx_word' id='word_1_227' title='bbox 695 3391 797 3452; x_wconf 88' lang='lat' dir='ltr'>Getas.</span> 
     </span>
    </p>
   </div>
   <div class='ocr_carea' id='block_1_5' title="bbox 35 3467 869 3554">
    <p class='ocr_par' dir='ltr' id='par_1_13' title="bbox 35 3467 869 3554">
     <span class='ocr_line' id='line_1_37' title="bbox 35 3467 869 3554; baseline -0.002 -22"><span class='ocrx_word' id='word_1_228' title='bbox 35 3467 36 3488; x_wconf 66' lang='lat'>¹</span> <span class='ocrx_word' id='word_1_229' title='bbox 99 3472 131 3534; x_wconf 86' lang='lat' dir='ltr'>Ut</span> <span class='ocrx_word' id='word_1_230' title='bbox 144 3481 238 3537; x_wconf 85' lang='lat' dir='ltr'>tamen</span> <span class='ocrx_word' id='word_1_231' title='bbox 253 3477 323 3554; x_wconf 91' lang='lat' dir='ltr'>ipse</span> <span class='ocrx_word' id='word_1_232' title='bbox 336 3478 434 3554; x_wconf 83' lang='lat' dir='ltr'>vides,</span> <span class='ocrx_word' id='word_1_233' title='bbox 457 3478 554 3538; x_wconf 87' lang='lat' dir='ltr'>luctor</span> <span class='ocrx_word' id='word_1_234' title='bbox 570 3477 722 3537; x_wconf 89' lang='lat' dir='ltr'>deducere</span> <span class='ocrx_word' id='word_1_235' title='bbox 737 3487 869 3534; x_wconf 90' lang='lat' dir='ltr'>versum.</span> 
     </span>
    </p>
   </div>
   <div class='ocr_carea' id='block_1_6' title="bbox 0 0 1202 3940">
    <p class='ocr_par' dir='ltr' id='par_1_14' title="bbox 0 0 1202 3940">
     <span class='ocr_line' id='line_1_38' title="bbox 0 0 1202 3940; baseline 0 1"><span class='ocrx_word' id='word_1_236' title='bbox 0 0 1202 3940; x_wconf 95' lang='lat' dir='ltr'> </span> 
     </span>
    </p>
   </div>
  </div>
 </body>
</html>
