2492 3926
454 257 511 327 Vl,
532 255 688 320 86—159.
1016 259 1077 324 319

192 408 293 485 thue
307 422 412 469 comes
427 409 580 485 sequitur,
597 411 793 487 destituitque
811 412 929 475 ducem.

151 492 263 554 statut
278 490 363 552 videt
377 493 483 567 lanus,
502 509 580 569 quae
595 503 667 570 post
682 510 738 555 sua
752 502 838 570 terga
852 506 1008 571 geramum

191 575 238 635 Nil
252 575 334 651 agis,
352 582 382 634 et
395 575 528 637 latebras
542 579 667 654 respicit
681 577 731 639 ille
746 585 822 640 tuas.

85 667 136 723 125
151 659 198 720 Nil
214 660 295 736 agis,
312 665 366 718 ent
383 659 456 719 dixi.
483 677 554 720 nam
569 669 599 722 te
614 663 670 724 sub
685 678 763 739 rupe
777 663 918 725 latentem

194 743 329 819 Occupat
343 745 498 820 amplexu,
516 761 635 823 speque
651 747 764 822 potitus
780 747 835 807 nita

150 828 213 888 ‘lus
229 842 283 902 pro
301 826 463 888 concubitu
477 835 581 892 nostro
597 829 650 892 tibi
666 831 798 891 cardinis
818 838 894 893 esto.

191 911 258 972 Hoc
272 910 401 987 pretium
415 911 535 987 positae
549 913 726 989 virginitatis
742 913 844 975 habe!

150 993 201 1056 Sic
217 995 296 1074 latus
312 994 447 1070 spinam,
466 1011 526 1071 qua
541 997 642 1059 tristes
659 999 774 1075 pellere
790 1006 898 1074 posset

85 1087 137 1142 130
194 1081 221 1138 Α
238 1077 354 1139 loribus
370 1093 500 1142 noxas...
515 1079 593 1140 hace
608 1090 672 1142 erat
688 1081 787 1142 alba...
804 1083 895 1143 dedit.

150 1162 227 1224 Sunt
240 1163 349 1222 avidae
363 1163 520 1237 volucres,
538 1181 598 1224 non
613 1181 692 1242 quae
705 1165 829 1226 Phineia
844 1167 957 1228 mensis

193 1247 317 1308 Gutture
331 1246 527 1322 fraudabant,
544 1251 600 1310 sed
616 1265 714 1324 genus
728 1249 800 1311 inde
815 1252 948 1313 trahunt=

150 1331 272 1391 Grande
287 1336 392 1406 caput,
409 1335 524 1392 stantes
540 1333 635 1409 oculi,
651 1341 751 1396 rostra
766 1342 837 1412 apta
849 1336 973 1412 rapinis,

193 1413 324 1475 canities
340 1414 456 1490 pinnis,
471 1417 622 1492 unguibus
637 1417 745 1479 hamus
762 1419 848 1479 inest.

83 1502 134 1558 135
148 1499 244 1560 Nocte
258 1499 377 1574 volant,
398 1515 576 1576 puerosque
592 1508 699 1578 petunt
713 1501 836 1563 nutricis
851 1509 983 1579 egentes,

191 1582 228 1643 Et
241 1581 348 1644 vitiant
362 1583 449 1643 cunis
464 1599 594 1660 corpora
608 1591 696 1662 rapta
709 1585 783 1646 suis.

150 1667 282 1743 Carpere
302 1666 443 1728 dicuntur
456 1669 597 1729 lactentia
610 1669 732 1730 viscera
745 1671 863 1742 rosiris,

175 1751 229 1810 -Et
243 1751 365 1827 plenum
380 1757 454 1826 poto
470 1753 618 1828 sanguine
632 1760 734 1828 guttur
751 1753 873 1814 habent.

148 1834 204 1895 Est
218 1835 276 1895 illis
293 1833 437 1910 strigibus
453 1851 572 1897 nomen.
605 1837 662 1897 sed
676 1837 806 1899 nominis
821 1837 910 1898 huius

83 1917 136 1972 140
192 1919 306 1994 causa,
323 1919 407 1995 quod
421 1918 574 1981 horrenda
589 1921 718 1982 stridere
737 1928 826 1983 noete
841 1922 950 1984 solent.
1032 1997 1034 2004 Ι

150 2001 223 2064 Sive
236 2001 326 2079 igitur
340 2009 508 2065 naseuntur
518 2019 606 2078 aves,
624 2021 681 2067 seu
695 2006 826 2067 carmine
841 2005 924 2081 flunt,

191 2087 368 2163 Naeuiaque
383 2087 413 2146 in
427 2089 570 2149 volucres
583 2089 685 2150 Marsa
700 2089 809 2166 figurat
823 2105 915 2150 anus=

149 2172 183 2231 In
197 2171 347 2232 thalamos
367 2186 480 2232 venere
493 2172 618 2233 Procae.
647 2175 744 2235 Proca
757 2182 846 2235 natus
861 2174 890 2234 in
905 2174 964 2236 illis

192 2254 311 2314 Praeda
324 2269 433 2316 recens
448 2255 549 2315 avium
567 2257 701 2333 quinque
716 2257 823 2318 diebus
840 2264 917 2317 erata

83 2335 136 2386 145
150 2339 340 2413 Pectoraque
355 2339 522 2401 exsorbent
536 2340 636 2402 avidis
652 2341 777 2401 inlantia
791 2341 917 2416 linguis:

191 2425 232 2483 At
247 2438 322 2498 puer
336 2422 442 2482 inielix
459 2424 539 2498 vagit
553 2440 705 2500 opemque
719 2423 802 2500 petit.

148 2507 263 2566 Territa
276 2521 354 2566 voce
369 2506 417 2567 sui
432 2507 532 2567 nutrix
546 2508 676 2569 accurrit
689 2509 811 2583 alumni,

191 2591 229 2650 Et
242 2590 341 2665 rigido
359 2597 460 2652 sectus
477 2591 593 2651 invenit
606 2608 708 2668 ungue
723 2607 828 2666 genas.

151 2675 229 2748 Quid
243 2675 378 2734 lacerata
406 2675 491 2736 color
506 2675 568 2736 oris
584 2683 662 2751 erat,
680 2677 731 2752 qui
746 2675 906 2736 frondibus
922 2676 993 2736 olim

82 2763 137 2816 150
194 2759 272 2818 Esse
289 2759 367 2820 solet
381 2759 476 2834 seris,
493 2777 570 2834 quas
586 2775 667 2820 nova
683 2759 771 2821 laesit
784 2760 891 2820 hiems.

150 2842 291 2902 Pervenit
305 2842 345 2902 ad
361 2843 511 2916 Cranaen,
529 2851 559 2903 et
572 2860 636 2905 rem
651 2845 750 2905 docet.
780 2844 834 2904 Illa
847 2844 1010 2906 ‘Timorem

192 2925 290 2986 Pone!
306 2931 375 2986 tuus
390 2932 515 3004 sospes'
536 2928 612 2988 dixit
626 2930 778 2988 ‘alumnus
795 2928 872 2988 erit'

149 3011 285 3070 Venerat
300 3010 339 3070 ad
355 3025 459 3071 cunas.
489 3010 603 3072 flebant
619 3019 776 3088 materque
792 3018 952 3088 paterque

193 3091 309 3154 ‘Sistite
320 3107 381 3155 'vos
396 3094 552 3169 lacrimas,
569 3096 638 3172 ipsa
652 3095 798 3157 medebor
806 3100 825 3152 ι’
841 3097 891 3158 ait.

81 3191 134 3244 155
150 3177 292 3238 Protinus
308 3177 434 3240 arbutea
448 3185 554 3257 postes
569 3187 615 3240 ter
629 3179 660 3239 in
675 3180 782 3241 ordine
798 3180 892 3256 tangit

115 3271 120 3279 '
191 3262 328 3338 Fronde,
343 3268 389 3323 ter
404 3261 530 3324 arbutea
545 3263 648 3324 limina
662 3264 772 3325 fronde
788 3271 886 3326 notat:

148 3343 273 3420 spargit
288 3347 377 3421 aquis
393 3347 523 3409 aditus...
536 3357 566 3409 et
582 3363 681 3423 aquae
694 3347 884 3409 medicamen
895 3343 1077 3408 lrubcbant..

189 3429 331 3504 Extaque
346 3432 385 3492 de
405 3448 501 3508 porca
519 3432 614 3493 cruda
628 3432 794 3492 bimenstre
807 3439 898 3492 tenet.

145 3513 251 3588 Atque
265 3513 306 3575 ita
319 3515 434 3592 ‘Noctis
453 3532 543 3591 area,
562 3516 641 3577 extis
656 3515 835 3592 puerilibus’
851 3515 948 3590 inquit
