2450 3932
358 235 415 304 iv,
438 231 471 305 9,
495 233 635 310 27—10,
659 235 709 296 na
1001 231 1046 299 va

148 387 226 446 Cum
240 387 334 462 perit,
352 392 382 445 et
397 385 486 460 coepi
501 393 588 460 parte
605 401 710 445 carvere
726 385 794 447 ruci.

104 471 255 546 Cepimus
270 475 300 530 et
315 477 439 530 tenerae
456 470 571 544 primos
587 470 695 530 aetatis
709 470 856 544 honores,

148 555 260 630 Deque
277 554 350 614 viris
367 554 522 630 quondam
537 569 610 630 pars
624 553 721 614 tribus
736 571 797 617 uua
812 554 864 614 lui.

54 649 88 704 ss
105 639 201 698 Curia
214 638 358 699 restabat.
392 637 471 696 clavi
485 653 629 698 mensura
644 645 751 699 coacta
765 644 827 699 esta

149 721 251 782 Maius
266 728 332 781 erat
346 721 459 782 nostris
474 721 590 783 viribus
606 721 680 782 illud
696 739 784 783 onus.

104 806 172 866 Nec
187 805 307 882 patiens
324 820 453 881 corpus,
468 820 525 865 uec
546 821 633 865 mens
649 806 704 866 luit
718 813 789 881 apta
804 806 910 882 labori,

153 889 370 964 Sollicitaeque
385 893 478 963 fugax
493 889 666 951 ambitionis
681 906 772 949 eram.

106 975 146 1034 Et
162 981 267 1049 petere
280 974 401 1033 Aoniae
419 973 592 1034 suadebant
605 980 668 1035 tutu
682 989 807 1036 sorores

58 1072 93 1126 40
153 1055 234 1130 Otia,
251 1057 365 1117 iudicio
382 1053 506 1132 semper
519 1064 620 1119 amata
634 1073 712 1118 meo.

107 1141 271 1216 Temporis
283 1142 364 1202 illius
379 1142 459 1202 colui
471 1141 596 1217 iovique
610 1150 729 1217 poetas,

153 1226 292 1301 Quotque
309 1227 436 1286 aderant
454 1232 555 1300 vates,
571 1226 661 1286 rebar
675 1227 788 1287 adesse
804 1226 892 1286 deos.

110 1309 214 1384 Saepe
230 1326 305 1370 suas
325 1310 467 1371 volucres
483 1309 556 1384 legit
571 1309 644 1370 milri
660 1311 807 1385 grandior
825 1324 914 1384 aevo,

154 1393 300 1468 Quaeque
316 1401 403 1454 necet
419 1409 564 1470 serpens,
583 1410 663 1471 quae
680 1395 763 1456 iuvet
777 1394 888 1468 herba,
905 1391 1022 1451 Macer.

62 1495 94 1548 45
110 1476 214 1552 Saepe
232 1493 309 1538 suos
328 1479 435 1538 solitus
452 1479 580 1538 recitare
597 1478 773 1554 Propertius
788 1480 885 1556 ignes,

153 1561 221 1620 Iure
241 1563 392 1623 sodalicio
412 1561 464 1639 qui
479 1562 551 1622 mihi
568 1563 689 1623 iunctus
708 1570 780 1623 erat.

111 1644 255 1706 Ponticus
272 1645 384 1719 heroo,
404 1647 523 1706 Bassus
544 1662 668 1722 quoque
688 1648 788 1708 clarus
806 1645 914 1706 iambis

152 1728 261 1789 Dulcia
280 1731 440 1810 convictus
455 1731 591 1790 membra
611 1731 696 1790 luere
716 1732 785 1790 mei.

112 1811 151 1872 Et
165 1814 261 1873 tenuit
273 1822 396 1875 nocuas
413 1829 594 1875 numerosus
609 1813 753 1874 Horatius
772 1830 872 1889 aures,

64 1911 98 1962 so
154 1897 234 1956 Dum
251 1897 320 1956 ierit
336 1899 477 1959 Ausonia
494 1899 628 1958 carmina
644 1899 723 1958 culta
738 1899 814 1974 lyra.

112 1980 275 2054 Virgilium
293 1982 356 2041 vidi
375 1989 499 2044 tautum.
537 1998 595 2042 nec
611 1998 715 2042 amara
730 1982 849 2043 Tibullo

156 2065 290 2140 Tempus
309 2066 459 2126 amicitiae
475 2068 538 2126 iata
554 2067 670 2126 dedere
684 2081 780 2126 meae.

113 2146 288 2210 Successor
304 2150 359 2208 luit
375 2150 425 2210 hic
442 2150 509 2223 tibi,
532 2151 632 2211 Galle:
667 2150 841 2226 Propertius
858 2150 915 2209 illia

157 2231 288 2305 Quartus
305 2233 342 2293 ab
362 2233 409 2293 bis
425 2233 505 2294 serie
523 2235 669 2310 temporis
685 2235 753 2310 ipse
772 2236 823 2295 lui.

65 2321 98 2375 55
110 2316 214 2390 thue
231 2333 291 2392 ego
307 2318 456 2392 maiores,
475 2317 584 2378 sicma
602 2321 725 2378 coluere
744 2321 888 2394 minores,
937 2367 942 2380 .
1024 2333 1034 2352 ·

155 2399 296 2477 Notaque
316 2417 378 2462 non
393 2402 480 2461 tarde
498 2403 578 2462 laeta
594 2403 698 2462 Tlralia
715 2419 782 2462 mea
797 2410 853 2461 est.

114 2483 256 2544 Carmina
273 2501 340 2546 curn
359 2485 490 2560 primum
508 2486 623 2562 populo
639 2486 783 2546 iuvenilia
800 2486 868 2560 legi,

152 2567 254 2630 Barba
271 2576 392 2630 resecta
406 2571 478 2630 mibi
494 2570 582 2631 bisve
600 2570 735 2631 semelve
754 2570 818 2629 luit.

112 2651 253 2713 Moverat
268 2653 423 2730 ingenium
440 2661 535 2716 totaur
552 2663 672 2716 cantata
685 2671 742 2730 per
756 2652 869 2715 Urbem

63 2736 98 2789 60
153 2735 283 2796 Nomine
297 2755 358 2798 non
377 2753 452 2800 vero
468 2739 549 2800 dicta
565 2740 695 2802 Corinna
710 2737 791 2798 inibi.

112 2818 208 2880 Multa
225 2822 350 2896 quidem
368 2823 489 2899 scripsi.
523 2825 580 2884 sed
597 2840 676 2900 quaa
694 2824 807 2885 vitiosa
822 2823 935 2898 putavi,

155 2902 370 2968 Emendaturis
387 2907 508 2982 ignibus
523 2907 592 2984 ipse
607 2908 688 2968 dedi.
996 2907 1047 2986 [νῆΙ

112 2986 197 3046 Tunc
210 3005 343 3065 quoque,
357 3007 426 3052 eum
437 2993 582 3068 lugerem,
602 2993 753 3066 quaedam
771 2991 920 3067 placitura
933 3007 1046 3052 cronia·

155 3072 254 3134 Iratus
275 3076 378 3136 studio
394 3076 642 3152 carminibusque
661 3077 747 3136 meis.

65 3152 100 3206 65
113 3153 209 3215 lllolle
228 3157 406 3234 Cupidineis
424 3177 482 3221 nec
500 3160 738 3235 inexpugnabile
754 3160 822 3220 telis

155 3239 216 3299 Cor
233 3243 322 3319 mihi,
343 3245 489 3320 quodque
507 3245 585 3305 levis
605 3261 700 3305 causa
716 3250 867 3318 moveret,
886 3251 959 3302 erat.

114 3319 190 3382 curn
205 3331 307 3388 tamar
322 3328 372 3387 hic
391 3343 509 3403 essem,
529 3329 716 3405 minimoque
733 3327 919 3389 accenderer
937 3326 1015 3399 igne,

154 3406 286 3471 Nomine
301 3412 359 3473 sub
379 3419 485 3474 nostro
501 3413 605 3474 labula
622 3415 705 3474 nulla
724 3413 787 3472 luit.

111 3489 216 3552 Paene
234 3495 306 3554 mihi
324 3512 422 3571 puero
438 3505 498 3555 ntae
513 3497 606 3572 digna
620 3515 677 3558 uec
695 3497 777 3558 utilis
797 3509 876 3554 uxor
