2450 3932
183 221 226 288 40
580 218 809 282 TRISTIUM

309 375 453 453 Spesque
467 373 510 436 tui
527 372 617 435 nobis
632 387 727 432 cansa
741 370 857 447 vigoris
872 373 939 434 erit.

215 471 250 525 25
263 461 345 536 Ergo
360 475 419 534 ego
434 474 502 518 sum
518 457 629 516 dubius
645 455 740 528 vitae,
761 462 795 516 tu
809 457 938 518 forsitan
952 456 1022 520 istie
1131 493 1136 500 ·

308 543 477 604 Iucundum
492 541 589 600 nostri
605 539 711 599 nescia
725 545 848 616 tempus
863 543 954 616 agist

265 628 332 690 Nou
348 627 430 701 agis,
450 625 589 685 adfirmo.
607 621 792 698 liquatuor,
813 625 989 698 carissima,
1004 624 1110 702 nubis,

307 713 442 786 Tempus
457 709 507 784 agi
521 708 590 768 sine
604 721 653 766 me
668 721 731 766 non
745 707 804 768 nisi
818 709 904 769 triste
919 708 980 768 tibi.

266 795 299 857 Si
313 802 415 856 temen
430 793 557 867 inplevit
575 807 645 851 mea
660 805 745 864 sors,
767 806 847 865 quos
868 791 983 868 debuit,
1003 806 1118 868 annos,

215 901 251 954 30
306 879 345 938 Et
360 877 432 937 milri
446 876 571 937 vivendi
586 883 648 936 tam
662 874 722 934 cito
737 872 809 934 finis
825 875 931 937 adeste

265 964 414 1040 Quantum
431 966 511 1034 erat,
530 957 683 1033 omagni,
704 959 850 1019 morituro
864 974 1008 1035 parcere,
1024 959 1102 1035 divi,

305 1046 346 1107 Ut
360 1045 469 1106 sellem
483 1044 583 1119 patria
597 1041 825 1102 contumularer
837 1042 952 1104 humor

264 1130 323 1191 Vel
338 1143 441 1204 poena
453 1127 484 1186 in
499 1134 620 1202 tempus
635 1125 742 1188 mortis
757 1127 851 1187 dilata
866 1128 983 1200 luisset,

305 1214 365 1273 Vel
381 1212 592 1288 praecepisset
606 1225 690 1270 mors
709 1216 878 1285 properata
892 1211 1004 1286 lugam.

214 1313 249 1368 35
264 1298 386 1371 Integer
400 1295 480 1354 hanc
495 1294 581 1370 potui
596 1310 697 1370 nuper
710 1293 791 1354 bene
804 1294 935 1355 reddere
948 1295 1063 1354 lucem:

303 1379 382 1440 Exul
397 1386 430 1440 ut
445 1379 632 1452 occiderem,
653 1393 734 1438 nunc
749 1377 822 1437 mihi
836 1378 899 1438 vita
913 1378 985 1440 deta
999 1385 1058 1439 est

262 1466 334 1523 Tam
350 1463 460 1537 procul
475 1462 588 1538 ignotis
603 1462 693 1538 igitur
712 1461 879 1521 moriemur
891 1461 921 1521 in
938 1464 1011 1536 oris,

302 1546 340 1606 Et
354 1546 429 1607 fient
442 1546 512 1621 ipso
527 1545 627 1607 tristia
640 1547 705 1606 lata
718 1545 812 1604 locor

262 1631 324 1690 Nec
344 1646 414 1690 mea
427 1637 577 1692 consueto
592 1629 793 1705 languescent
807 1644 941 1705 corpore
954 1629 1060 1690 lector

211 1726 246 1779 lo
302 1715 483 1790 Depositum
497 1729 556 1774 uec
569 1729 618 1773 me
634 1714 685 1788 qui
700 1711 787 1790 fleat,
802 1713 884 1774 ullus
900 1715 979 1774 eritt

261 1799 324 1860 Nec
339 1799 483 1859 dominae
498 1798 632 1859 lacrimis
646 1798 678 1859 iu
694 1804 801 1858 nostra
814 1797 997 1860 cadentibus·
1011 1813 1069 1858 oro

302 1883 464 1944 Accedent
477 1883 597 1943 animae
611 1889 750 1958 tempora
766 1897 861 1958 parve
876 1889 984 1942 meoet

260 1968 324 2027 Nec
338 1967 482 2027 mandata
495 1967 591 2042 dabo,
607 1981 666 2026 nec
680 1982 748 2027 cum
764 1967 898 2028 clamore
913 1981 1058 2043 supremo

302 2049 456 2110 Labeates
472 2051 580 2110 oculos
597 2050 709 2110 condet
723 2051 822 2110 amica
839 2058 972 2112 monost

211 2151 246 2202 lo
262 2132 326 2195 Sed
338 2133 405 2194 sine
420 2133 579 2194 funeribus
595 2141 687 2211 caput
701 2133 777 2210 boe,
793 2134 861 2194 sine
875 2135 995 2197 honore
1010 2135 1157 2211 sepulcri

302 2217 529 2293 indeploratum
545 2219 676 2279 barbara
690 2225 771 2279 terre
785 2224 888 2294 tegete

260 2300 395 2377 Ecquid,
410 2309 442 2362 ut
455 2302 608 2378 audieris,
626 2309 689 2364 tota
704 2301 866 2363 turbabere
881 2309 989 2376 mente,

302 2386 340 2447 Et
354 2386 447 2447 leries
463 2386 578 2462 pavida
592 2395 719 2463 pectore
738 2386 801 2447 lida
816 2394 928 2446 manat

260 2470 394 2546 Ecquid,
411 2471 441 2530 in
457 2471 514 2532 bas
529 2471 643 2533 trustra
655 2472 786 2532 tendens
801 2478 855 2532 tua
869 2470 994 2532 brachia
1007 2479 1134 2546 parteS,
1211 2505 1212 2522 ÷

207 2567 242 2618 50
298 2555 449 2616 clamabis
464 2556 568 2616 miseri
583 2572 694 2616 nomen
709 2555 800 2616 inane
814 2555 893 2614 viril

259 2640 355 2700 Parce
369 2646 470 2699 umen
487 2641 624 2699 lacerare
639 2654 751 2715 genas,
771 2654 829 2699 nec
849 2638 960 2699 scinde
976 2639 1133 2716 capillos=

299 2722 366 2782 Non
383 2721 435 2781 tibi
450 2737 531 2782 nune
545 2723 690 2798 primum,
705 2725 759 2784 lux
773 2739 857 2797 mea,
872 2729 979 2798 raptus
994 2737 1061 2784 ero.
1210 2721 1211 2787 l

260 2805 334 2866 Cum
349 2806 478 2880 patriam
498 2806 602 2879 amisi,
617 2814 689 2868 tnnc
703 2825 752 2868 me
767 2808 899 2885 periisse
913 2813 1029 2883 putato.

304 2888 343 2947 Et
356 2889 442 2964 prior
456 2897 487 2951 et
500 2890 626 2966 gravior
639 2907 722 2952 mors
738 2892 793 2952 luit
807 2893 859 2952 illa
872 2891 955 2950 mihi.
1209 2919 1210 2998 ᾖ

207 2986 241 3037 55
255 2973 351 3048 Nunc,
365 2974 391 3033 si
403 2974 481 3035 forte
492 2982 624 3051 potes...
636 2976 693 3036 sed
705 2993 767 3037 non
778 2982 885 3052 potes,
904 2973 1019 3052 optima
1031 2974 1209 3038 coniunx..

300 3055 408 3117 Finitis
423 3060 524 3134 gaude
539 3067 584 3122 tot
598 3059 671 3120 mibi
685 3067 783 3120 morte
797 3062 897 3120 malis.
1208 3101 1209 3132 ,

260 3140 347 3215 Quod
363 3149 469 3219 poteS,
485 3152 618 3205 extenua
633 3144 701 3205 lorti
717 3145 798 3206 mala
813 3145 908 3204 eorde
922 3135 1075 3216 terendo,¹
1208 3135 1209 3209 l

299 3225 350 3284 Ad
366 3242 446 3300 quae
460 3228 641 3304 iampridem
655 3245 716 3289 non
731 3229 808 3289 rude
822 3236 932 3306 pectus
947 3227 1055 3289 habes.

258 3310 362 3382 Atque
376 3316 492 3372 aunam
507 3319 635 3388 pereant
649 3313 770 3372 animae
784 3329 854 3373 eum
873 3328 1005 3390 corpore
1020 3318 1177 3393 nostrae,

204 3395 242 3452 oo
298 3390 494 3470 Ellugiatqne
508 3396 620 3455 avidos
635 3412 707 3472 pars
723 3395 796 3457 mihi
811 3397 895 3458 nulla
908 3411 1013 3473 rogos.

256 3475 333 3536 Nem
348 3477 375 3537 si
390 3485 489 3539 morte
504 3493 613 3540 carens
628 3495 726 3541 vacua
740 3481 825 3541 volat
839 3481 917 3542 altus
935 3481 965 3539 in
981 3493 1058 3539 arira

1190 3653 1206 3902 l
