2372 3928
143 237 203 302 174
533 233 593 296 EX
611 233 761 296 Pollio

266 391 333 450 iloc
349 395 457 465 peccat
472 389 571 469 solum
587 387 614 448 si
629 402 697 447 meo
711 385 815 462 Musa,
831 386 910 447 bene
925 395 980 448 est.

224 475 297 550 lpse
311 487 370 549 ego
384 472 530 534 librorum
545 472 636 532 video
653 471 764 532 delicta
778 485 924 545 meorum,

268 557 342 618 Cum
356 573 415 618 sua
428 557 499 633 plus
513 556 594 618 iusto
610 556 745 615 carmina
759 554 891 631 quisque
905 553 1024 635 probet,

224 643 341 701 Auctor
360 656 438 718 opus
454 640 567 702 laudet.
596 639 647 700 Sic
662 640 788 700 forsitan
802 639 916 714 Agrius
932 639 1000 701 olim

177 736 210 789 ιο
266 725 424 786 Thersiten
440 723 518 784 ieoie
532 725 651 784 dixerat
665 738 736 784 esse
750 722 841 783 bona.

228 809 374 871 Iudicium
390 816 489 869 tamen
505 807 555 867 hic
573 814 788 868 nostrumnon
806 804 921 882 decipit
935 821 1031 866 error:

267 893 345 966 Noc,
363 892 510 970 quicquid
524 892 631 967 genui,
647 890 785 966 protinus
800 889 875 950 illud
890 905 970 952 amo.

227 978 285 1039 Cur
300 978 404 1053 igitur,
420 975 446 1036 si
461 992 510 1037 me
524 976 646 1036 videam
665 975 858 1051 delinquere,
874 989 1007 1050 peccem,

268 1061 306 1122 Et
320 1061 418 1137 patiar
432 1061 547 1136 scripto
563 1059 676 1120 crimen
694 1059 812 1130 inesse,
828 1065 942 1134 rugosi

178 1157 210 1210 15
223 1146 291 1206 Non
304 1143 412 1206 eadem
426 1145 504 1206 ratio
519 1151 579 1220 est,
596 1143 708 1208 sentire
723 1149 753 1203 et
768 1143 891 1203 demere
904 1141 1036 1203 morbos.

270 1227 389 1290 Sensus
405 1228 485 1289 inest
499 1228 629 1304 cunctis,
643 1227 756 1289 tollitur
770 1234 835 1286 arte
848 1227 971 1286 malum.

228 1311 328 1388 Saepe
344 1313 469 1385 aliquod
483 1311 611 1386 cupiens
626 1311 752 1372 verbum
767 1318 883 1371 mutere
897 1309 1014 1385 reliqui,

267 1395 415 1457 iudicium
429 1394 511 1455 vires
529 1395 756 1470 destituuntque
770 1409 878 1456 meum.

227 1477 327 1555 Saepe
342 1479 453 1555 piget...
470 1478 543 1554 quid
559 1479 639 1540 enim
655 1479 787 1539 dubitem
803 1478 855 1538 tibi
874 1493 949 1538 vera
964 1477 1088 1539 interit..

177 1575 213 1628 to
270 1563 440 1638 corrigere,
458 1570 489 1625 et
501 1562 583 1638 longi
598 1564 678 1624 ierrc
695 1563 810 1624 laboris
825 1577 913 1624 onus.
1170 1559 1171 1564 ’

228 1647 417 1708 scribentem
437 1647 520 1708 iuvet
534 1647 603 1723 ipse
618 1648 706 1707 lavor
718 1647 884 1721 minuitque
899 1645 1040 1720 laborem,

272 1733 407 1810 Cumque
422 1747 480 1793 suo
496 1746 640 1792 erescens
658 1737 782 1807 pectore
797 1731 896 1792 servet
909 1745 998 1808 opus

227 1815 432 1893 corrigerent
448 1832 497 1876 res
513 1823 561 1876 cst
574 1821 656 1876 tanto
672 1816 769 1890 magis
786 1815 898 1888 ardua,
916 1822 1028 1889 quanto

269 1900 399 1977 Magnus
415 1899 593 1960 Aristarcho
609 1899 705 1959 maior
718 1898 870 1960 Homerus
887 1907 962 1960 erat.

176 1996 210 2048 25
225 1984 309 2044 Haeo
323 1985 455 2045 animum
470 1985 550 2044 lento
567 1999 707 2045 curarum
722 1983 834 2058 frigore
850 1982 950 2055 laedit,

271 2068 371 2142 thue
387 2069 470 2127 avidi
486 2083 594 2128 cursus
611 2069 696 2126 irena
709 2073 838 2128 retentat
856 2066 938 2142 equi.

227 2154 330 2224 Atque
344 2150 384 2210 ito
400 2150 431 2210 di
445 2149 532 2210 miles
548 2151 683 2211 minuunt
695 2151 768 2211 mihi
783 2151 923 2212 Caesaris
939 2150 1022 2220 iram,

270 2232 410 2307 Ossaque
426 2239 535 2308 pacato
549 2240 654 2295 nostra
668 2241 805 2310 tegantur
818 2234 920 2308 humo,

226 2318 265 2379 Ut
278 2315 349 2376 mihi
366 2317 487 2378 conanti
501 2333 729 2394 nonnumquam
743 2319 900 2380 intendere
915 2333 1005 2379 curas

177 2409 214 2464 3ο
269 2400 423 2463 Fortunae
439 2402 561 2478 species
577 2403 679 2464 obstat
693 2403 805 2464 acerba
820 2417 916 2474 meae,

227 2484 350 2561 Vixque
364 2485 437 2545 milri
453 2486 573 2560 videor,
590 2487 699 2547 inciam
714 2487 798 2560 quod
814 2486 962 2560 carmina,
977 2500 1080 2558 sanus,

269 2570 366 2644 inque
381 2569 454 2630 ieris
471 2585 573 2630 eurem
588 2569 741 2645 corrigere
754 2570 805 2629 illa
821 2569 923 2630 Getis!

225 2653 272 2712 Nil
287 2660 386 2712 tamen
406 2651 436 2711 in
452 2652 574 2727 scriptis
589 2654 686 2729 magis
701 2653 879 2714 excusabile
895 2652 1018 2724 nostris,

270 2734 365 2809 Quam
380 2749 493 2796 sensus
509 2737 626 2798 cunctis
641 2753 741 2813 paene
755 2737 841 2813 quod
855 2753 934 2798 unos
949 2736 1038 2796 inest.

176 2829 209 2881 35
225 2821 320 2880 Laeta
334 2819 397 2878 lere
412 2820 511 2880 laetus
527 2819 632 2882 cecini.
666 2836 744 2882 cono
759 2821 857 2883 tristia
870 2821 975 2882 tristis.

268 2902 460 2964 Conveniens
477 2905 562 2980 operi
577 2911 697 2982 tempus
712 2912 874 2982 utrumque
889 2919 946 2966 suo
966 2912 1023 2966 est.

225 2986 319 3060 Quid,
335 2987 395 3047 nisi
410 2987 449 3047 de
465 2988 537 3050 vitio
553 2989 686 3051 scribam
700 2989 836 3064 regionis
851 3003 982 3060 amarae,

271 3071 369 3145 thue
384 3072 451 3133 solo
466 3073 580 3134 moriar
594 3073 817 3148 commodiore,
834 3079 964 3148 precer?

225 3154 297 3214 Cum
312 3153 423 3218 totiens
440 3157 547 3217 eadem
562 3157 676 3230 dicam,
693 3157 747 3216 vix
761 3157 870 3222 audior
884 3156 953 3217 ulli=

175 3247 209 3301 40
265 3238 431 3315 Verbaque
446 3241 586 3316 proiectu
604 3239 795 3304 dissimulata
809 3247 922 3302 curent.

223 3323 261 3384 lli
278 3329 379 3384 tamen
395 3323 472 3385 haec
487 3324 596 3387 eadem
611 3340 680 3384 cum
695 3325 769 3400 sint,
785 3340 846 3387 aon
863 3323 1025 3385 scribimus
1041 3322 1148 3384 isdem·

262 3407 395 3484 unaque
410 3423 467 3484 per
481 3409 585 3482 plures
599 3423 663 3468 vox
678 3424 745 3470 men
758 3415 884 3484 temptat
899 3423 1001 3484 opem.

130 3553 133 3560 ,
226 3491 288 3562 Αη,
305 3507 344 3551 no
359 3490 405 3552 bis
424 3505 549 3552 sensum
565 3494 661 3553 lector
672 3493 819 3569 'reperiret
835 3493 976 3566 eundem,
