2492 3926
200 213 260 278 aad
579 209 836 272 FASTORUM

281 369 383 442 Atque
396 366 512 426 utinam
527 378 649 440 pugnae
663 369 767 439 pateat
781 364 882 423 locus!
906 380 990 423 arma
1005 379 1185 442 capessam,

320 451 367 525 ltt,
383 450 410 510 si
426 465 488 511 non
504 453 649 524 poterunt
663 461 867 523 exsuperare,
887 448 1008 508 cadant.

280 535 366 595 Nunc
382 535 491 610 inopes
510 533 618 605 victus,
633 531 808 606 ignavaque
824 532 887 591 iata
901 531 1042 595 timentes

323 619 427 679 Monte
441 634 499 679 suo
514 618 638 681 clausos
658 615 789 676 barbara
804 615 891 676 turba
907 617 1038 691 premit!

215 714 267 770 alb
281 704 364 765 Tuuc
380 703 502 777 Venus,
518 708 548 760 et
561 703 636 761 lituo
653 699 780 776 pulcher
794 699 963 776 trabeaque
979 700 1135 777 Quirinus

324 789 482 862 Vestaque
495 801 553 862 pro
567 784 653 846 Latio
669 784 763 844 multa
778 784 881 846 locuta
895 800 952 844 suo
968 794 1025 848 est.

282 873 429 933 ‘Publica’
445 869 607 945 respondit
620 873 707 928 ‘cura
721 874 769 928 est
783 883 839 943 pro
855 869 1017 929 moenibus
1033 870 1128 942 istis?

323 956 462 1032 luppiter
480 959 524 1014 ‘et
537 970 656 1030 poenas
672 952 769 1012 Gallia
784 952 864 1012 victa
879 951 971 1013 dabit.

282 1043 326 1102 Tu
341 1040 433 1102 rnodo
450 1054 529 1114 quae
545 1040 656 1100 desunt
670 1037 783 1112 fruges,
806 1052 974 1112 superesse
990 1045 1145 1114 putentur,
1239 1033 1240 1106 l

219 1137 270 1194 sau
325 1125 437 1199 Effice,
452 1141 509 1185 nec
525 1123 618 1183 sedes
633 1122 753 1197 desere,
768 1122 873 1196 Vesta,
890 1129 967 1181 tuas.

283 1209 504 1285 Quodcumque
511 1215 559 1268 est
573 1206 692 1268 solidae
708 1207 831 1280 cereris,
848 1221 924 1266 cava
936 1207 1081 1268 machina
1091 1208 1216 1284 frangat

323 1293 532 1367 Mollitamque
548 1308 640 1352 manu
655 1291 742 1352 duret
756 1291 786 1350 in
801 1291 871 1365 igne
886 1291 998 1352 loeus!

281 1378 425 1438 Iusserat.
455 1383 485 1436 et
499 1377 601 1437 fratris
617 1375 703 1450 virgo
720 1375 861 1436 Saturnia
875 1374 969 1437 iussis

323 1461 449 1523 Annuit.
478 1468 508 1522 et
523 1461 643 1521 mediae
656 1466 795 1535 tempora
809 1460 908 1520 noetis
924 1467 1025 1521 erant=

217 1556 268 1612 385
283 1548 346 1608 Iam
361 1545 491 1607 ducibus
510 1561 652 1606 somnum
668 1543 796 1604 dederat
809 1544 905 1604 labor.
937 1545 1081 1622 Increpat
1095 1547 1165 1606 illes

326 1631 476 1708 luppiter,
493 1637 522 1690 et
537 1645 642 1703 sacre,
660 1629 735 1704 quid
749 1628 836 1700 velit,
853 1645 907 1688 ore
921 1628 1026 1690 docet:

284 1715 432 1790 ‘Surgita
450 1722 480 1775 et
494 1715 524 1774 iu
538 1715 657 1774 medies
674 1713 713 1773 de
727 1714 853 1774 summis
868 1713 991 1775 arcibus
1006 1713 1116 1776 hostes

326 1801 448 1875 Mittite,
465 1815 557 1874 quam
570 1798 693 1858 minime
708 1799 839 1874 perdere
852 1799 954 1874 vullis,
971 1803 1100 1876 opem!’

285 1883 417 1945 Semnus
433 1885 509 1960 abit,
527 1889 737 1959 quaeruntque
751 1885 840 1943 nevis
856 1883 1037 1962 ambagibus
1052 1886 1122 1960 acti,

219 1981 271 2038 390
326 1968 457 2030 Perdere
473 1985 564 2044 quam
578 1969 673 2029 nolint
688 1974 718 2028 et
732 1967 891 2030 iubeantur
906 1984 1006 2044 opem.

177 2091 178 2096 κ
284 2053 363 2114 Esse
379 2068 465 2114 ceres
482 2053 550 2114 visa
563 2059 619 2113 est.
647 2053 760 2113 iaciunt
774 2051 902 2112 cerialia
917 2054 1013 2114 dona:

186 2199 192 2209 ,
327 2138 409 2198 lacta
424 2153 518 2212 super
532 2137 639 2210 galeas
655 2144 803 2211 scutaque
817 2138 910 2211 longa
924 2146 1044 2198 sonant.

284 2221 382 2280 Posse
397 2221 476 2280 farne
491 2220 572 2280 vinci
587 2235 661 2296 spes
677 2221 798 2281 excidit.
827 2221 924 2282 Hoste
938 2223 1063 2298 repulso
1241 2215 1242 2273 l

328 2305 465 2366 Candida
484 2303 596 2366 Pistori
610 2306 733 2381 ponitur
747 2321 801 2365 ara
814 2305 889 2366 Iovi.

218 2402 270 2457 395
285 2389 376 2450 Forte
388 2389 565 2451 revertebar
579 2389 666 2450 lestis
680 2388 856 2451 Vestalibus
873 2389 931 2467 illa,

329 2475 395 2550 Qua
408 2475 496 2535 Nova
508 2475 647 2535 Romane
663 2490 743 2534 nunc
758 2475 808 2534 via
821 2473 925 2536 iuncta
940 2476 1006 2536 loro
1022 2483 1080 2536 est.

286 2561 353 2621 Huc
367 2559 448 2635 pede
462 2565 633 2620 matronam
649 2558 712 2619 vidi
726 2559 918 2619 descendere
932 2559 1032 2620 nudo:

331 2643 485 2719 Obstipui,
501 2643 610 2703 tacitus
627 2643 819 2718 sustinuique
833 2644 970 2718 gradum.

287 2727 391 2788 Sensit
404 2741 481 2787 anus
496 2727 598 2786 vicina
611 2727 686 2802 loci,
702 2728 882 2801 iussumque
896 2728 1007 2789 sedere

219 2821 274 2875 400
329 2810 512 2886 Alloquitur,
537 2811 692 2886 quatiens,
715 2827 794 2871 voce
809 2817 965 2886 tremente,
984 2819 1094 2889 caput·

286 2896 374 2971 ‘Hoq
393 2894 446 2957 ubi
462 2911 542 2956 nunc
557 2896 725 2969 suasuri,
741 2895 823 2956 udae
837 2902 963 2957 tenuere
976 2898 1107 2973 paludes

327 2981 427 3040 Amne
439 2979 618 3042 redundatis
634 2981 720 3039 iussa
735 2979 878 3041 madebat
892 2980 990 3058 aquis.

287 3064 406 3125 Curtius
421 3065 472 3125 ille
486 3066 581 3138 lacus,
600 3065 700 3125 siccas
718 3065 770 3140 qui
786 3066 918 3127 sustinet
931 3082 1011 3140 aras,

329 3149 415 3210 Nunc
429 3149 529 3211 solida
545 3154 593 3209 est
606 3149 711 3221 tellus,
731 3148 788 3210 sed
803 3150 890 3212 lacus
905 3159 974 3211 ante
989 3151 1054 3211 iuit.

220 3243 272 3297 405
287 3233 353 3308 Qua
366 3233 502 3294 Velabra
517 3234 617 3294 solent
631 3233 661 3292 in
678 3233 797 3296 Circum
812 3233 927 3296 ducere
940 3251 1085 3311 pompas·

328 3317 376 3376 Nil
390 3323 512 3391 praeter
526 3317 637 3376 salices
654 3333 806 3393 cassaque
822 3334 922 3380 canna
936 3320 999 3380 luit.

288 3400 390 3475 Saepe
405 3399 597 3459 suburbanas
611 3401 735 3461 rediens
751 3403 883 3463 conviva
897 3420 955 3479 per·
968 3401 1070 3464 undas

329 3483 450 3553 cantat,
473 3489 504 3543 et
518 3483 557 3542 ad
571 3489 680 3544 nautas
696 3484 780 3547 ebria
793 3487 890 3548 verba
904 3488 984 3549 iacit.
