2394 3940
214 249 276 316 1³4
608 247 666 308 lix
692 243 840 308 PONTO
909 245 911 250 ’

296 403 383 466 Hans
397 403 458 464 nisi
472 410 504 464 tu
519 401 632 478 pariter
646 398 737 460 simili
752 413 826 460 eum-
836 401 928 461 fratre
943 401 1066 474 levares,
1179 431 1180 441 κ

336 488 399 548 Vix
412 502 500 547 meus
514 485 653 546 tristitiae
667 490 774 544 nostra
787 483 908 545 tulisset
922 499 1009 547 onus.
1024 495 1034 515 ·

296 573 363 633 Vos
379 571 455 633 estis
469 571 566 631 lraeto
580 569 671 630 tellus
684 583 747 628 non
763 567 841 628 dura
854 569 998 644 phaselos

255 665 291 722 lo
341 657 499 733 Quamque
513 651 627 730 negant
639 652 733 728 multi,
757 667 815 712 vos
830 651 903 712 rnilri
918 653 1003 714 tertis
1018 667 1105 728 opem.

295 738 394 817 Ferte,
417 755 536 817 precor,
560 752 692 812 semper,
717 737 789 813 quia
804 752 928 814 semper
943 737 1090 813 egebimus
1102 737 1146 808 ila,
1179 773 1180 777 =

338 825 480 886 Caesaris
495 821 649 884 offensum
664 821 737 883 dunt
750 821 824 882 milri
839 837 951 883 numen
964 823 1028 883 erit.

298 908 354 983 Qui
368 909 502 970 meritam
518 907 608 969 nobis
622 906 746 981 minuat,
769 921 831 966 non
846 907 932 967 finiat
945 908 1028 980 iram,

340 992 525 1070 Suppliciter
538 997 661 1052 vestros
677 991 810 1067 quisque
823 998 930 1066 rogate
944 991 1031 1053 deos,

626 1150 822 1164 W—

500 1275 649 1360 linuit
676 1271 952 1361 sutilius·

244 1413 281 1508 l.
342 1448 616 1512 annuarucn
640 1446 856 1510 nnnsnnr.

297 1545 368 1643 flue
384 1598 509 1660 qunque
524 1583 666 1644 Caesarei
682 1583 821 1660 pervenit
834 1581 915 1642 lama
928 1580 1076 1658 triumphi,

337 1667 497 1743 Languida
512 1683 573 1744 qua
590 1667 666 1728 lessi
681 1669 734 1729 vix
748 1668 832 1729 venit
845 1682 919 1727 aura
932 1665 1013 1726 Noti.

295 1749 344 1810 Nil
356 1752 424 1813 lore
439 1752 529 1813 dulae
543 1751 616 1812 milri
632 1752 777 1830 Scythica
791 1750 920 1828 regione
936 1752 1049 1828 putavi.

338 1837 401 1897 Iarn
416 1837 515 1899 minus
529 1837 580 1898 his
596 1837 668 1898 odio
683 1843 739 1912 est,
764 1853 856 1913 quant
870 1835 927 1897 luit
940 1843 1020 1911 ante,
1039 1833 1121 1897 lanus.

267 1921 430 1985 slandern
446 1922 562 1997 aliquid
577 1923 666 1998 pulsa
681 1937 821 1982 curarum
836 1919 918 1982 nube
932 1935 1072 1982 serenum

332 2005 415 2065 Vidi.
449 2005 588 2067 fortunae
604 2005 700 2067 verba
713 2006 848 2082 dedique
863 2019 961 2066 meae.

292 2088 373 2149 Nolit
386 2095 420 2149 ut
434 2089 498 2150 ulla
513 2091 585 2149 milri
601 2091 779 2166 contingere
794 2089 908 2166 gaudia
923 2090 1045 2163 Caesar,

335 2173 424 2232 Vella
438 2179 542 2247 potest
556 2171 653 2234 cuivis
668 2175 745 2235 haee
759 2183 860 2236 tanren
875 2191 937 2235 una
951 2174 1028 2235 dari.

294 2255 331 2316 Di
347 2271 481 2332 quoque,
503 2263 536 2318 ut
551 2273 569 2318 a
584 2259 701 2320 eunctis
716 2258 804 2321 hilari
820 2259 933 2336 pietate
948 2259 1090 2331 colantur,

250 2353 285 2408 10
335 2340 499 2402 Tristitianr
513 2342 587 2419 poni
601 2359 730 2420 persua
745 2345 824 2408 lesia
838 2343 952 2406 iubent.

294 2426 442 2502 Denique,
465 2429 549 2502 quod
564 2435 665 2491 oenus
681 2430 766 2488 lurar
780 2436 828 2492 est
842 2428 956 2501 audere
969 2426 1066 2502 fateri,

335 2511 401 2571 Hac
414 2527 473 2587 ego
488 2511 610 2589 laetitia,
633 2513 659 2576 si
673 2517 756 2574 vetat
770 2514 846 2590 ipse,
866 2513 960 2573 fruar.

271 2665 273 2670 ,
293 2595 430 2671 Iuppiter
442 2597 566 2659 utilibus
583 2598 725 2674 quatiens
741 2598 825 2659 iuvat
839 2595 987 2659 imbribus
1003 2611 1103 2674 agros,

332 2679 428 2738 illixta
440 2686 533 2740 tenax
548 2683 645 2756 segeti
660 2684 800 2744 erescere
815 2685 908 2759 lappa
924 2683 1013 2744 solet.

246 2775 279 2830 15
293 2763 356 2823 Nos
375 2777 499 2837 quoque
515 2765 693 2840 lrugiierunn
710 2768 857 2830 sentimus
872 2766 986 2827 inutilis
1002 2763 1096 2826 herba

333 2845 459 2920 Numen,
483 2854 512 2908 et
526 2849 621 2911 invita
635 2867 732 2928 saepe
746 2852 886 2913 iuvamur
901 2866 971 2927 ope.

294 2929 412 2991 Gaudia
427 2931 597 2996 Caesareae
612 2937 722 2997 mentis
737 2952 796 3013 pro
810 2943 896 3011 parte
909 2935 989 2996 virili

335 3013 411 3076 Sunt
425 3033 503 3078 mea.
533 3021 644 3095 privati
659 3021 701 3080 nil
715 3020 807 3081 habet
821 3021 872 3082 illa
887 3021 1008 3082 domus.

293 3096 404 3174 Gratia
425 3102 515 3179 lama,
538 3102 605 3164 tibi!
629 3121 686 3180 per
701 3121 793 3178 quanr
809 3111 948 3180 spectata
961 3101 1105 3178 triumphi

244 3201 281 3256 lt
334 3183 456 3247 incluso
471 3188 581 3249 mediis
597 3194 646 3250 ast
659 3187 732 3248 mihi
747 3204 860 3266 pompa
877 3189 969 3250 Getis.

293 3266 398 3327 Indiae
413 3275 443 3329 te
458 3271 560 3346 didici,
583 3289 681 3349 nuper
694 3273 826 3334 visenda
840 3273 945 3336 coisse

333 3351 514 3416 Innumeras
529 3363 637 3431 gentas
654 3358 694 3418 ad
709 3357 798 3418 dunis
814 3374 869 3420 ora
883 3359 946 3420 sui=

293 3435 440 3512 Quaeque
456 3439 537 3515 capit
550 3441 650 3502 vastis
665 3442 837 3504 inmensum
852 3441 1013 3506 moenibus
1029 3441 1143 3511 orbem,

332 3521 482 3597 Hospitiis
499 3525 627 3585 Romam
642 3526 695 3585 vix
708 3525 858 3589 habuisse
872 3528 982 3590 laeum.
