2394 3940
392 220 421 261 v.
441 200 620 268 lec—526.
675 233 680 248 t

124 355 255 418 Proditus
270 355 409 416 inclusae
424 355 522 418 Cacus
537 355 576 418 ab
592 373 646 419 ore
660 357 763 420 bovis=

91 441 176 516 (luam
188 440 237 515 qul
252 439 335 500 dona
348 438 415 499 tulit
428 439 546 502 Nesseo
561 441 655 502 tincta
667 457 798 517 veneno,

41 533 82 588 llo
128 524 338 598 Euboicasque
352 539 410 584 suo
427 525 577 599 sanguine
588 526 677 588 tinxit
690 543 798 602 aquas.

90 610 141 668 Vel
154 608 190 667 de
203 606 363 682 praecipiti
376 606 484 668 venias
499 609 531 667 in
544 609 670 670 Tamara
684 625 773 685 saxo,

123 693 160 753 Ut
173 691 222 766 qui
236 689 425 751 Socraticum
441 691 481 752 de
492 706 569 752 nece
583 694 656 769 legit
669 709 765 769 opus=

92 776 127 836 Ut
140 775 188 849 qui
199 773 336 834 Theseae
351 774 472 836 fallacia
486 777 555 836 vela
570 778 693 837 carinae

123 858 208 919 vidia
240 864 275 918 ut
287 856 380 918 iliaca
393 859 507 920 missus
522 859 561 920 ab
577 876 649 920 arce
663 876 755 938 puer:

40 951 79 1006 lta
91 942 125 1003 Ut
136 941 225 1001 teneri
241 942 358 1014 nutrix,
374 941 482 1002 eadem
496 950 672 1017 matertere,
688 945 801 1004 Baccln

122 1026 158 1086 Ul
171 1024 217 1086 cui
232 1040 328 1086 cansa
341 1025 426 1085 necis
442 1041 529 1086 serra
539 1035 661 1102 reperta
676 1029 746 1090 luite

88 1109 185 1169 lnvlda
198 1124 233 1168 se
247 1108 387 1183 scopulis
402 1116 436 1170 ut
450 1109 535 1183 virgo
551 1111 632 1170 misit
646 1111 684 1172 ab
700 1111 778 1185 altis,

122 1193 241 1252 Dixerat
255 1192 350 1252 invito
367 1207 445 1267 quae
459 1195 539 1252 mala
554 1194 649 1254 verba
663 1196 733 1256 deo.

86 1275 151 1335 Feta
164 1275 216 1334 tibi
231 1281 373 1336 occurrat
385 1275 485 1350 patrio
500 1278 660 1352 popularis
676 1279 706 1338 in
722 1295 807 1354 arvo,

41 1364 79 1416 too
124 1357 226 1434 Sitque
239 1357 426 1418 Phalaeceae
441 1375 537 1420 causa
550 1361 658 1422 leaena
671 1363 767 1423 necis.

87 1442 194 1517 Quique
207 1442 404 1519 Lycurgiden
418 1443 537 1516 letavit,
554 1451 584 1504 et
597 1446 707 1506 arbore
722 1454 835 1523 natum,

119 1527 305 1602 Idmonaque
319 1526 483 1600 audacem,
498 1533 529 1588 te
545 1545 670 1605 quoque
683 1538 805 1606 rumpat
819 1545 902 1606 aper.

84 1609 167 1686 Isque
179 1612 231 1669 vel
246 1609 396 1670 exanimis
412 1611 503 1671 iaciat
515 1611 569 1673 tibi
582 1615 707 1689 vulnus,
723 1621 756 1673 ul
770 1614 821 1689 illi,

121 1693 177 1753 Ora
189 1709 284 1769 super
297 1693 351 1754 lixi
367 1710 458 1770 quem
473 1696 613 1756 cecidere
627 1698 702 1758 suis.

43 1789 77 1840 loe
89 1775 151 1836 sive
164 1777 261 1853 idem,
277 1777 368 1838 simili
382 1779 473 1853 pinus
488 1796 578 1854 quern
593 1788 690 1840 morte
705 1781 841 1856 peremit,

122 1859 222 1940 Phryx
236 1868 267 1921 et
281 1869 409 1922 venator
420 1862 464 1923 sis
479 1863 729 1942 Berecyntiades.

87 1941 114 2001 Si
125 1949 172 2003 tua
186 1946 347 2021 contigerit
360 1945 479 2008 Minoas
495 1948 609 2022 puppis
625 1943 744 2021 a'renas,

119 2026 156 2086 Te
170 2027 375 2108 Corcyraeum
390 2031 512 2092 Cressia
525 2032 614 2092 turba
629 2039 723 2108 putet

86 2109 304 2189 Lapsuramque
319 2114 443 2174 domum
457 2114 586 2187 subeas,
601 2124 634 2176 ul
647 2116 775 2192 sanguis
789 2117 913 2189 Aleuae,

42 2200 80 2252 tto
123 2193 211 2256 Stella
224 2197 437 2273 Leoprepidae
452 2213 520 2258 cum
535 2200 590 2259 luit
603 2215 704 2276 aequa
717 2202 794 2261 viro.

87 2275 172 2351 thue
185 2280 235 2340 vel
248 2279 389 2353 Euenus,
404 2283 528 2344 torrenti
543 2281 667 2343 flumine
681 2301 801 2345 mersus

119 2360 241 2424 h'omina
255 2365 312 2424 des
325 2364 462 2440 rapidae,
478 2368 527 2425 vel
539 2365 706 2439 Tiberinus,
723 2382 833 2442 aquae.

88 2441 301 2522 Astacidaeque
312 2449 406 2508 modo
422 2449 528 2509 decisa
543 2450 694 2509 cadavere
708 2459 824 2522 munao,

122 2528 213 2604 iligna
227 2531 315 2606 ieris,
329 2531 462 2592 hominis
477 2533 518 2593 sit
532 2540 625 2609 eaput
638 2549 712 2593 esca
725 2543 819 2606 tumn,

42 2609 81 2663 ott
91 2608 223 2688 Quodque
238 2616 339 2675 lerunt
351 2615 483 2676 Brotean
498 2618 612 2678 iecisse
627 2617 770 2692 cupidine
785 2617 900 2693 mortis,
959 2647 993 2663 -·

119 2695 174 2756 Des
187 2705 240 2758 tua
255 2713 425 2760 succensae
438 2701 575 2760 membra
589 2702 752 2762 cremanda
767 2717 874 2780 pyrae.

85 2774 272 2857 Inclususque
285 2797 393 2844 necem
409 2799 505 2844 cavea
519 2785 661 2860 patiaris,
676 2792 709 2845 ut
719 2786 770 2844 ille

116 2861 176 2922 Nan
191 2867 385 2940 proiecturae
400 2868 540 2928 conditor
553 2867 708 2929 historiae.

84 2941 172 3020 thue
184 2949 334 3024 repertori
349 2951 453 3012 nocuit
468 2952 616 3026 pugnacis
634 2951 735 3026 iambi,

38 3031 74 3083 tto
117 3027 164 3090 Sic
178 3031 261 3092 sitin
277 3033 400 3094 exitium
415 3034 519 3109 lingua
532 3043 676 3112 proterva
690 3042 783 3096 tuum.

82 3112 171 3188 thue
185 3131 294 3192 parum
308 3117 409 3177 stabili
425 3119 477 3194 qui
493 3119 626 3179 carmine
640 3118 729 3180 laesit
742 3120 890 3194 Athenas,

112 3198 230 3260 Invisus
243 3216 355 3276 pereas
370 3202 530 3262 deficiente
545 3202 623 3264 cibo.
739 3223 742 3230 ·

76 3279 167 3356 litque
180 3284 268 3362 lyrae
282 3291 370 3345 vates
385 3287 478 3346 lentur
492 3286 623 3360 periisse
637 3303 775 3362 severae,

18 3365 19 3424 l
112 3365 209 3426 causa
223 3367 264 3430 sit
276 3368 359 3429 exitii
374 3370 502 3430 dextera
515 3371 602 3431 laesa
614 3372 668 3432 tui.

18 3429 20 3468 l
36 3451 65 3504 tlt
77 3446 170 3524 thue
183 3452 427 3526 Agamemnonio
444 3455 554 3514 vulnus
569 3455 654 3515 dedit
667 3456 776 3531 anguis
793 3455 929 3529 Orestae,

108 3531 151 3594 Tu
165 3550 292 3611 quoque
303 3537 344 3597 de
357 3553 463 3600 morsu
477 3537 561 3599 virus
575 3538 706 3599 habente
722 3539 827 3598 cadas.
