2450 3932
159 231 199 297 ll
288 192 291 196 ¹
554 229 781 292 rnrsrruru

274 385 312 444 Et
325 384 505 460 deploratae
519 383 610 444 limen
626 382 711 443 adire
726 384 853 446 domus=

236 469 335 544 quue
349 484 460 529 recens
475 474 617 544 praestas
632 482 689 526 nec
703 469 796 544 longo
812 465 953 543 cognitus
969 485 1043 548 usu,

192 561 224 614 lo
278 551 366 626 Quod
380 558 517 612 veterum
530 551 643 611 misero
658 551 712 610 vix
727 552 790 614 duo
805 560 909 614 tresve
924 552 1006 613 mihi.

239 635 311 696 Vidi
327 651 385 709 ego
402 635 552 696 conlusos
567 636 678 710 vultus,
693 636 845 713 visosque
859 637 972 712 notavi,

281 719 385 795 osque
399 719 528 779 madens
543 717 618 780 iletn
633 719 839 795 pallidiusque
853 735 939 780 meo:
1202 705 1205 792 l

237 803 275 863 Et
287 803 429 864 lacrimas
446 818 574 865 cernens
590 804 620 862 in
636 803 756 878 singula
769 803 865 863 verba
879 805 1026 866 cadentes

280 885 339 947 Ore
353 903 422 949 meo
437 886 588 961 lacrimas,
605 886 730 948 auribus
745 888 796 947 illa
808 886 887 946 bibi:

190 977 223 1028 15
237 970 431 1046 Brachioque
446 971 553 1045 accepi
567 977 684 1031 maesto
699 971 865 1047 pendentia
880 972 969 1047 collo,

275 1054 313 1115 Et
326 1053 498 1128 singultatis
514 1056 622 1114 oscula
635 1055 729 1115 mixta
744 1055 840 1117 sonis.

239 1137 313 1197 Sum
329 1153 464 1213 quoque,
481 1152 560 1210 care,
575 1137 635 1198 tuis
650 1137 797 1199 defensus
811 1139 930 1202 viribus
945 1140 1066 1201 absens
1076 1165 1084 1197 ι
1095 1184 1117 1202 ..
1208 1120 1209 1156 ¹

278 1219 346 1281 Scis
362 1220 472 1283 carum
485 1221 551 1281 veri
566 1221 698 1282 nominis
713 1239 785 1282 esse
798 1223 901 1284 loco...

236 1303 393 1381 Multaque
408 1310 569 1380 praeterea
583 1305 736 1366 manifesti
751 1307 840 1381 signa
853 1307 967 1368 favoris

187 1395 223 1448 20
276 1387 454 1448 Pectoribus
469 1395 559 1450 teneo
574 1405 636 1450 non
651 1389 770 1451 abitura
784 1392 872 1450 meis.

236 1472 272 1532 Di
288 1471 340 1530 tibi
355 1478 545 1546 possemus,
561 1472 703 1546 tribuant,
720 1474 888 1534 defendere
903 1489 1036 1550 semper,

279 1554 362 1629 Quos
377 1554 408 1614 in
423 1557 550 1615 materia
564 1557 763 1632 prosperiore
778 1558 875 1619 iuves.

237 1638 270 1700 Si
284 1645 385 1699 tamen
399 1637 524 1713 interea,
541 1639 616 1714 quid
629 1639 661 1699 in
674 1640 724 1700 his
740 1656 798 1716 ego
814 1641 953 1716 perditus
968 1640 1067 1701 oris...

278 1723 368 1797 Quod
382 1729 411 1784 te
425 1723 571 1785 credibile
586 1729 635 1784 est
649 1739 828 1800 quaerere...
845 1727 978 1801 quaeris
995 1743 1111 1800 aganas
1214 1741 1215 1790 t

185 1813 220 1866 25
236 1806 300 1884 Spe
313 1807 418 1868 trahor
433 1807 576 1884 exigua...
592 1823 683 1883 quarn
697 1815 730 1870 tu
745 1809 816 1870 milri
830 1809 955 1870 demere
970 1811 1065 1871 noli...
1215 1843 1216 1882 q

278 1892 389 1953 Tristia
402 1892 493 1954 leniri
506 1893 630 1952 numina
645 1908 741 1968 posse
755 1893 814 1953 dei.

238 1975 301 2035 Seu
315 1982 429 2037 temere
444 1982 584 2052 expecto,
601 1976 668 2036 sive
681 1978 712 2037 id
728 1977 905 2052 contingere
919 1979 967 2038 las
981 1985 1038 2052 est,

276 2060 321 2120 Tu
335 2059 408 2119 mihi
424 2061 624 2135 quadruplo,
640 2061 696 2134 lae,
713 2077 833 2136 precor,
849 2075 921 2121 esse
937 2061 1045 2138 proba,

237 2142 384 2218 Quaeque
398 2144 452 2204 tibi
466 2144 588 2218 linguae
603 2150 651 2204 est
664 2145 816 2219 facundia,
832 2146 939 2206 conier
954 2145 984 2204 in
1000 2145 1091 2219 illud,

183 2235 218 2286 30
273 2226 314 2288 Ut
328 2225 443 2288 doceas
458 2235 563 2288 votum
576 2242 676 2303 posse
687 2230 792 2289 valere
804 2245 914 2290 meum.

234 2311 300 2384 Quo
317 2311 458 2388 quisquis
473 2313 579 2387 maior,
593 2313 691 2387 magis
707 2319 754 2372 est
768 2313 928 2387 placabilis
943 2313 1015 2388 irae,

275 2394 313 2457 Et
328 2395 433 2457 laciles
448 2403 549 2458 motus
564 2411 652 2457 mens
666 2411 820 2471 generosa
833 2397 923 2472 capit.

233 2479 371 2555 Corpora
384 2481 576 2557 magnanimo
592 2481 667 2542 satis
683 2487 731 2541 est
744 2488 920 2556 prostrasse
934 2482 1026 2554 leoni,

273 2564 380 2640 Pugna
394 2581 483 2626 suum
499 2565 592 2625 finem
608 2581 678 2625 cum
692 2564 772 2626 iacet
785 2565 894 2638 hostis,
909 2564 1015 2626 habet:

183 2655 216 2708 35
232 2651 272 2710 Aa
285 2651 378 2724 lupus
392 2655 422 2708 et
435 2657 541 2723 turpes
556 2649 670 2708 instant
683 2649 882 2710 morlentibus
897 2651 961 2710 ursi

272 2732 311 2791 lit
327 2747 541 2807 quaecumque
554 2731 655 2792 minor
670 2732 826 2794 nobilitate
841 2733 915 2793 iera.

231 2815 331 2880 Maius
347 2816 431 2890 apud
444 2817 564 2877 Troiam
579 2815 650 2876 lorti
666 2816 739 2892 quid
753 2816 903 2876 habemus
916 2815 1060 2877 Achille?

270 2899 416 2962 Dardanii
428 2900 571 2960 lacrimas
587 2916 649 2961 non
664 2901 731 2960 tulit
744 2900 794 2960 ille
811 2900 906 2960 senis.

232 2983 315 3057 Quae
331 2983 418 3045 ducis
433 2983 562 3045 Emathii
576 2984 668 3046 luerit
682 2983 850 3057 clementia,
865 2982 963 3045 Poms

180 3078 215 3132 40
268 3067 423 3144 Dareique
438 3069 551 3130 docent
565 3069 680 3129 funeris
696 3067 856 3142 exequiae.

230 3151 314 3212 Neve
327 3151 484 3214 hominum
499 3155 630 3214 referam
645 3151 745 3212 llcxas
759 3152 800 3212 ad
814 3151 915 3212 mitius
930 3151 1001 3223 irae,
1113 3179 1116 3182 ·

270 3235 398 3298 lunonis
413 3251 509 3313 gener
524 3245 572 3298 est
587 3237 639 3312 qui
656 3237 741 3311 prius
755 3235 855 3297 hostis
871 3241 945 3295 erat.

230 3320 371 3395 Denique
385 3336 446 3381 non
462 3336 594 3396 possum
607 3322 721 3381 nullam
736 3335 864 3396 sperma
878 3320 1017 3394 salutem¹

273 3403 346 3466 cum
362 3419 482 3480 poenae
496 3419 559 3465 non
574 3403 615 3465 sit
629 3421 724 3466 causa
740 3412 866 3465 emenia
880 3418 978 3464 meae.

177 3495 214 3549 45
231 3488 299 3548 Non
314 3488 396 3574 mihi,¹
412 3489 570 3565 quaerenti
586 3491 789 3566 pessumdare
804 3495 922 3563 cuncta,
938 3487 1068 3564 politum
