2450 3932
150 183 193 247 28
552 181 781 244 TRISTIUM

184 371 224 384 --
278 339 376 400 Posse
389 353 503 399 nocere
518 336 625 396 animis
641 335 783 396 carminis
800 351 890 395 onrne
904 351 1014 412 genus.

173 431 224 486 265
236 423 302 484 Non
313 429 413 483 tamen
427 423 542 482 idcirco
557 420 671 480 crimen
686 417 762 478 liber
777 421 875 480 omnis
889 420 1022 480 habebit.

279 507 325 566 Nil
342 506 479 582 prodest,
501 505 586 582 quod
600 520 662 564 non
678 504 800 564 laedere
816 505 915 580 possit
928 505 1019 564 idem.

238 595 312 668 Igne
328 590 400 667 quid
415 591 538 651 utiliust
560 588 665 664 Siquis
680 594 780 648 tamen
795 603 884 648 urere
898 595 977 648 tecta

280 676 452 752 comparat,
474 675 609 736 audaces
625 672 745 733 instruit
759 672 830 746 igue
844 688 962 732 manue.

235 759 331 836 Eripit
344 759 505 834 interdum,
526 759 619 818 modo
635 758 687 817 dat
701 756 851 817 medicina
866 756 1004 828 salutem,

177 853 229 908 270
283 842 428 920 Quaeque
443 844 535 917 iuvet,
555 847 712 912 monstrat,
730 855 872 916 quaeque
887 841 926 900 sit
940 841 1038 900 herba
1052 857 1190 907 nocens·

238 929 276 987 ut
290 928 366 987 latro
381 934 411 987 et
425 933 533 987 cautus
549 926 753 1002 praecingitur
767 940 842 984 ense
858 926 970 986 viator=

277 1012 331 1070 llle
346 1011 403 1070 sed
418 1008 562 1084 insidias,
584 1009 633 1069 hic
647 1009 705 1070 sibi
721 1015 821 1085 portat
836 1025 935 1084 opem.
979 1073 984 1086 „

136 1107 140 1116 ·
239 1094 380 1167 Discitur,
403 1093 551 1154 innocuas
566 1099 600 1154 ut
614 1099 685 1169 agat
699 1093 842 1154 facundia
857 1109 982 1153 causas:

278 1177 410 1252 Protegit
422 1176 500 1237 haec
516 1184 631 1252 sontes,
652 1176 871 1252 inmeritosque
886 1177 1003 1253 premit.

179 1273 230 1328 275
242 1262 293 1322 Sic
307 1261 398 1337 igitur
408 1266 543 1334 carmen,
564 1261 690 1321 reclusi
704 1267 805 1321 mente
820 1262 945 1335 legatur,

286 1344 450 1420 constabit,
474 1346 547 1405 nulli
562 1360 658 1421 posse
672 1359 785 1404 nocere
799 1361 908 1404 meum.

187 1465 230 1474 -
240 1433 281 1490 At
296 1429 442 1505 quiddam
457 1429 520 1488 vitii
537 1429 722 1504 quicumque
736 1428 807 1488 hinc
822 1429 963 1506 concipit,
985 1438 1077 1505 errat,

187 1548 230 1559 -
281 1513 320 1573 Et
333 1513 457 1574 nimium
472 1513 594 1588 scriptis
610 1513 739 1588 abrogat
752 1512 802 1570 illc
817 1513 903 1576 meis.

240 1598 280 1659 Ut
293 1605 393 1658 tamen
408 1597 469 1658 hoc
484 1598 588 1670 fatear,
609 1596 673 1657 ludi
689 1612 812 1672 quoque
827 1595 945 1657 semina
960 1595 1114 1673 praebent

177 1691 230 1746 280
278 1681 448 1758 Nequitiae.
478 1681 543 1742 tolli
557 1687 621 1741 tota
634 1681 752 1740 theatra
765 1679 850 1740 iube·

236 1766 388 1829 Peccandi
404 1781 528 1826 oausam
544 1782 635 1841 quam
649 1765 751 1825 multis
767 1779 862 1841 saepe
878 1764 1036 1842 dederunt,

279 1851 388 1910 Martia
402 1865 471 1910 cum
487 1849 718 1926 durumstemit
731 1848 847 1908 harena
861 1849 974 1908 solum.

237 1935 370 1994 Tollatur
384 1933 504 1993 circus!
527 1948 589 1992 non
604 1938 668 1992 tuta
683 1932 804 1992 licentia
818 1933 895 1993 Circi
910 1939 971 1993 est:

276 2017 332 2077 Hic
347 2017 435 2076 sedet
449 2017 553 2091 ignoto
568 2016 671 2077 iuncta
687 2017 788 2092 puella
802 2017 878 2080 viro.

177 2107 228 2162 285
241 2101 315 2160 Cum
331 2101 481 2175 quaedam
496 2099 665 2175 spatientur
679 2101 709 2160 in
724 2100 793 2176 hac,
816 2108 848 2162 ut
862 2107 979 2162 amator
993 2103 1109 2164 eadem

284 2183 459 2256 Conveniat,
478 2199 574 2258 quare
590 2185 727 2260 porticus
742 2187 805 2246 ulla
818 2192 924 2261 patet?

241 2268 313 2341 Quis
328 2267 416 2328 locus
431 2273 480 2328 est
492 2269 614 2344 templis
629 2270 810 2344 augustiora
834 2271 917 2330 llaec
935 2287 1058 2348 quoquo
1075 2275 1168 2350 vitel,

278 2353 312 2411 ln
327 2353 446 2428 culpam
462 2351 553 2428 siqua
568 2360 616 2413 est
628 2353 789 2428 ingeniosa
802 2370 900 2415 suam.

241 2436 315 2497 Cum
329 2437 445 2497 steterit
459 2436 541 2497 lovis
559 2436 645 2511 aede,
668 2438 751 2498 lovis
767 2446 925 2499 succurret
938 2440 969 2499 in
986 2441 1073 2514 aede,

176 2527 229 2580 290
282 2521 376 2595 Quam
392 2523 502 2582 multas
517 2528 630 2582 matres
646 2523 752 2581 lecerit
765 2523 816 2583 ille
830 2525 918 2584 deus.

238 2603 381 2665 Proxima
395 2603 535 2664 adoranti
550 2604 678 2664 Iunonia
692 2607 807 2682 templa
821 2607 941 2681 subibit,

278 2687 431 2748 Pelicibus
445 2688 546 2747 multis
560 2687 639 2748 hane
655 2689 794 2751 doluisse
808 2691 906 2751 deam.

236 2770 361 2831 Pallade
375 2777 551 2849 conspecta,
571 2779 674 2833 uatum
690 2774 729 2834 de
744 2773 868 2834 crimine
882 2776 969 2850 virgo

279 2854 441 2916 Sustulerit
457 2871 561 2931 quare,
585 2865 720 2934 quaeret,
741 2858 981 2918 Erichthonium.

176 2945 228 3000 295
239 2939 366 3001 Venerit
378 2941 409 3000 in
424 2941 525 3015 magni
541 2943 694 3018 templum,
712 2950 765 3003 tua
778 2956 914 3016 munera,
933 2941 1049 3017 Martie,

279 3022 345 3084 Stat
360 3024 468 3085 Venus
482 3024 580 3085 Ultori
595 3013 712 3102 iunct'a,
731 3023 781 3084 vir
794 3033 864 3086 ante
879 3028 972 3088 iores.

240 3107 331 3168 lsidis
346 3110 424 3168 aede
439 3108 563 3184 sedens,
584 3125 638 3171 cur
652 3111 732 3170 hano
747 3109 898 3186 Saturnio,
923 3117 1058 3186 quaeret,

278 3191 381 3266 Egerit
395 3193 481 3252 Ionio
494 3192 712 3270 Bosporioque
726 3195 826 3255 morit

238 3275 271 3334 ln
286 3276 408 3336 Venere
421 3276 585 3352 Anchises,
606 3278 636 3338 in
652 3279 739 3339 Luna
752 3277 887 3340 Latmius
902 3279 1004 3352 heroe,

173 3364 227 3422 300
275 3361 308 3419 ln
325 3360 435 3421 Cerere
449 3359 558 3434 Iasius,
581 3362 633 3436 qui
647 3363 804 3438 referatur,
828 3365 893 3423 erit.

235 3440 343 3506 Omnia
352 3459 522 3522 ¹perversas
536 3454 669 3522 possunt
682 3461 879 3524 corrumpere
890 3453 1022 3507 mentes·
