2372 3928
207 220 267 284 232
585 215 839 276 FASTORUM

327 369 438 431 Nescio
455 385 547 446 quem
561 368 651 428 vobis
667 367 806 442 suspicer
820 383 893 426 esse
908 367 1037 428 deum’...

289 458 343 514 ‘At
359 454 384 513 01
400 453 469 528 quis
485 459 606 514 vestrae
621 453 698 511 deus
712 457 797 512 esset
811 449 938 524 originis
950 443 1057 522 auctor,

226 547 278 600 400
333 539 366 596 10
382 543 443 596 tam
459 535 618 611 praecipiti
636 540 772 608 tempore
787 535 878 592 lerret
892 549 991 608 opem.

289 621 393 681 Ferret
408 635 498 694 opem
513 625 610 692 certe,
628 619 655 676 si
670 631 731 675 000
747 633 807 691 000
821 624 917 676 mater
932 621 1038 691 egeret,

332 703 416 776 Quae
431 704 511 762 lacta
526 708 573 761 est
587 716 649 761 000
665 705 760 760 mater
774 707 804 760 et
820 699 896 760 orba
911 700 971 759 die.

289 787 366 847 Nata
380 787 485 862 simul,
500 785 645 844 moritura
661 783 767 857 simul,
784 783 872 844 simul
887 784 928 843 ite
943 779 998 843 sub
1012 782 1097 854 undas

333 870 469 945 Corpora
477 873 497 927 l’
526 869 674 942 desierat,
690 867 896 942 deposuitque
911 867 988 926 sinu.

225 955 277 1010 000
291 954 458 1028 vagierunt
473 952 563 1011 ambo
583 952 704 1026 pariter.
733 951 870 1010 sensisse
884 956 1016 1024 putares.

329 1037 368 1096 Hi
382 1036 511 1096 redeunt
523 1035 594 1094 udis
615 1035 644 1093 in
660 1050 718 1094 000
731 1039 812 1093 tecto
825 1037 922 1108 genis.

292 1118 428 1180 Sustinet
441 1118 601 1194 impositos
617 1133 735 1177 summa
752 1132 848 1177 cavus
863 1117 970 1176 alveus
985 1114 1068 1176 unda.

328 1204 395 1262 Heu
414 1209 560 1276 quantum
574 1202 626 1261 lati
641 1216 737 1276 parva
751 1199 863 1260 tabella
876 1200 957 1276 tulit!
1039 1253 1044 1263 .

291 1289 407 1346 Alveus
423 1285 452 1343 ln
468 1287 538 1344 limo
554 1285 641 1358 silvis
656 1283 806 1359 adpulsus
823 1285 930 1359 opacis

226 1378 278 1431 410
331 1368 478 1428 Paulatim
492 1368 587 1429 ilnvio
603 1367 764 1428 deficiente
779 1369 875 1428 sedet.

288 1452 390 1512 Arbor
407 1459 480 1514 erat.
509 1459 666 1512 remanent
679 1450 818 1526 vestigia.
848 1466 989 1527 quaeque
1008 1455 1114 1508 vocatur

329 1535 460 1596 Rumina
474 1551 554 1596 0000
568 1537 662 1609 0000,
677 1536 807 1596 Romula
821 1535 900 1595 0000
915 1541 989 1594 erat.

289 1621 381 1680 Venit
394 1619 436 1679 ad
450 1621 639 1695 expositos...
656 1619 809 1678 mirnmt...
825 1620 898 1694 lupa
912 1619 994 1678 10010
1007 1615 1137 1692 gemellos.

331 1703 404 1778 Quis
420 1704 525 1763 credat
539 1703 643 1778 pueris
658 1719 719 1762 non
736 1702 881 1762 nocuisse
900 1703 1013 1762 ieram?

227 1801 278 1854 415
293 1789 359 1848 Non
374 1787 521 1846 nocuisse
537 1803 643 1862 pamm
664 1792 719 1844 est.
744 1786 873 1860 prodest
889 1802 1022 1861 quoque.
1048 1797 1113 1860 quos
1125 1782 1171 1851 lupt

848 1871 947 1944 nutrit,

328 1953 460 2014 Perdere
474 1961 622 2029 cognatae
637 1954 809 2014 sustinuere
824 1961 948 2014 manus!

292 2037 444 2110 Constitit,
460 2044 491 2096 et
508 2038 606 2097 cauda
620 2037 731 2097 teneris
745 2036 900 2098 blanditur
915 2038 1051 2107 0100010,

330 2121 369 2179 Et
382 2119 468 2193 lingit
482 2119 584 2194 lingua
598 2136 731 2196 corpora
743 2119 816 2178 bina
831 2137 895 2180 sua.

292 2204 389 2262 Marte
406 2209 490 2262 satos
507 2203 613 2264 scires.
643 2205 734 2264 timor
748 2204 832 2264 aluit.
861 2204 956 2264 ubera
971 2204 1086 2272 ducunt,

227 2293 279 2348 400
335 2285 398 2345 Nec
413 2283 471 2359 sibi
486 2287 629 2361 promissi
644 2288 731 2348 lactis
746 2288 869 2350 aluntur
883 2303 953 2364 ope.

289 2371 428 2430 11101000
443 2386 555 2430 00000
571 2371 655 2444 10011,
671 2373 758 2432 10000
776 2371 844 2446 1000
859 2372 1003 2447 lupercis.

328 2453 440 2530 Magna
455 2455 517 2514 dati
531 2455 631 2517 nutrix
647 2454 782 2531 praemia
798 2454 1000 2516 lactis'habet.

291 2539 369 2613 Quid
381 2545 465 2599 vetat
477 2540 610 2600 Arcadio
626 2540 725 2599 dictos
741 2546 875 2598 amente
889 2541 1053 2612 lupercost

332 2622 456 2682 Faunus
477 2621 506 2680 in
520 2622 654 2682 Arcadia
668 2624 781 2698 templa
796 2623 936 2698 Lycaeus
951 2620 1051 2682 habet.

227 2711 277 2763 405
292 2704 405 2779 Nupta,
422 2704 496 2778 quid
511 2712 678 2779 expectasr
705 2721 767 2765 non
782 2711 815 2765 tu
829 2705 1014 2780 pollentibus
1029 2704 1126 2775 herbis,

331 2786 394 2846 Neo
409 2801 514 2862 prece,
525 2794 587 2848 ’000
601 2789 719 2864 magico
734 2789 866 2850 carmine
886 2789 1065 2849 meteretis.

290 2870 407 2945 Excipe
421 2871 592 2932 foecundae
607 2873 755 2947 patienter
769 2871 897 2932 verbera
911 2872 1047 2944 dextrae

331 2955 395 3012 lam
407 2969 498 3014 socer
516 2957 611 3032 optati
626 2972 736 3016 nomen
754 2955 878 3016 habebit
892 2956 951 3015 avi.

289 3036 365 3097 llam
380 3037 435 3098 luit
449 3039 500 3099 illa
511 3040 593 3113 dies,
610 3039 686 3100 dura
701 3057 769 3100 cum
784 3046 867 3099 sorte
882 3040 1009 3100 maritae

224 3131 277 3187 400
330 3120 513 3183 Reddebant
526 3125 603 3183 uteri
618 3124 746 3200 pignora
760 3139 830 3183 rara
845 3123 901 3184 sui.

290 3202 381 3279 ‘Quid
396 3205 479 3264 mihi’
495 3206 644 3268 clamabat
658 3208 797 3282 ‘prodest
812 3207 953 3282 rapuisse
969 3204 1114 3278 Sabinas,’

330 3287 509 3348 Romulus...
524 3290 584 3349 hoc
598 3289 650 3350 illo
665 3289 787 3370 sceptra
801 3296 923 3350 tenente
938 3289 1024 3349 luit...

295 3371 336 3431 ‘Si
352 3387 420 3430 mea
434 3387 495 3432 non
509 3373 607 3446 vires,
624 3375 681 3434 sed
694 3375 806 3434 bellum
822 3374 932 3434 iniuria
947 3372 1044 3446 ι100111

329 3455 439 3516 Utilius
455 3456 553 3516 inerat
565 3473 627 3518 non
641 3459 788 3519 habuisse
802 3461 918 3517 nurus!
