2394 3940
167 214 230 280 112
471 208 619 272 IBlDIS
640 225 670 270 v.
693 206 872 273 eos-642.

184 374 238 430 605
254 366 318 440 Qua
334 364 572 425 suaPenthideu
588 363 691 437 proles
706 368 754 422 est
771 361 835 422 ulta
848 319 1035 440 Lycurgum,
1148 399 1184 412 ,

291 449 375 509 Haec
390 455 512 507 maneat
524 447 575 506 teli
589 453 619 504 te
635 460 759 521 quoque
773 447 866 521 plaga
881 444 963 506 novi.

248 532 350 607 thue
362 532 435 591 Milo
453 530 548 590 robur
558 530 705 589 diducere
718 529 816 590 fissile
830 535 967 603 temptes,

291 617 354 676 Nec
369 615 475 691 possis
496 620 601 688 captas
617 613 689 672 inde
704 614 819 673 reterre
833 628 950 672 manus.
1191 675 1192 686 ,

248 699 489 773 Muneribusque
503 697 563 758 tuis
579 697 727 767 laedaris,
743 703 776 756 ut
793 697 913 771 Icarus,
928 695 957 756 in
973 711 1074 772 quem

182 792 238 847 tito
292 783 393 842 Intulit
408 788 539 842 annatas
555 767 740 840 ebrla'turba
755 796 872 840 manus.

250 867 399 943 Quodque
414 867 522 926 dolore
536 865 621 924 neeis
641 863 759 939 patriae
773 867 824 939 pia
839 864 900 923 tilia
915 863 995 939 lecit,

290 949 420 1010 Vincula
436 965 491 1023 per
509 948 611 1023 laquei
626 949 674 1008 lac
692 947 746 1006 tibi
761 955 861 1022 guttur
875 955 931 1008 eat.
1192 963 1193 972 ¹

251 1033 475 1107 Obstructoque
490 1033 599 1090 lamam
615 1031 741 1105 patiaris
761 1031 862 1090 limine
877 1030 956 1107 teeti,

291 1116 330 1176 Ut
343 1118 441 1190 legem
455 1131 576 1190 poenae
591 1115 639 1174 cui
654 1113 739 1174 dedit
753 1115 823 1189 ipsa
837 1129 960 1189 parens.

184 1209 236 1262 615
250 1199 332 1259 illius
348 1201 489 1274 exemplo
510 1199 608 1258 violes
625 1198 788 1258 simulacra
802 1197 966 1274 Minervae,

289 1283 409 1342 Aulidis
424 1298 442 1341 a
455 1288 545 1358 portu
562 1283 612 1356 qui
627 1283 696 1342 leve
714 1282 803 1340 vertit
816 1281 881 1342 iter.

249 1366 476 1440 Naupliadaeve
490 1366 582 1425 modo
599 1379 716 1439 poenas
732 1381 789 1439 pro
806 1365 930 1424 crimine
944 1367 1026 1428 salso

293 1450 390 1509 Morte
405 1451 487 1522 lum,
503 1464 561 1509 nec
575 1455 606 1508 te
619 1464 681 1508 non
701 1449 852 1508 meruisse
866 1449 958 1509 iuvet

248 1533 399 1593 Aethalon
417 1540 451 1593 ut
465 1533 528 1592 vita
543 1531 687 1606 spoliavit
701 1533 835 1592 Isindius
849 1532 976 1608 hospes
1146 1567 1180 1578 -

184 1626 238 1681 620
295 1617 389 1689 Quem
409 1631 526 1675 mernor
544 1632 562 1674 a
578 1617 675 1674 sacris
690 1632 772 1676 nunc
787 1631 911 1690 quoque
926 1617 1014 1692 pellit
1027 1617 1081 1678 Io:

248 1701 348 1776 thue
361 1700 534 1760 Melanthea
547 1698 680 1758 tenebris
696 1715 715 1758 a
731 1701 827 1758 caede
841 1702 983 1762 latentem

290 1783 427 1844 Prodidit
441 1783 544 1844 olhcio
560 1783 682 1843 luminis
699 1783 768 1858 ipsa
784 1799 913 1858 parens=
1025 1811 1027 1814 -

247 1868 298 1929 Sic
313 1876 364 1928 tua
380 1867 526 1930 coniectis
546 1867 701 1926 fodiantur
719 1874 846 1940 pectora
860 1868 939 1941 telis,

292 1951 343 2011 Sic
359 1966 470 2027 precor
488 1951 608 2010 auxiliis
623 1950 790 2025 impediare
804 1951 873 2011 tuis

183 2045 236 2097 625
251 2035 354 2110 Qualis
370 2049 468 2108 equos
483 2041 590 2109 pacto,
612 2049 690 2108 quos
705 2035 792 2094 fortis
807 2035 918 2110 agebat
931 2034 1084 2114 Achilles,

290 2119 367 2177 Acta
381 2116 492 2192 Phrygi
511 2117 632 2191 timido,
648 2133 711 2177 nox
723 2118 777 2178 tibi
791 2119 861 2178 talis
876 2127 934 2180 eat.

248 2202 310 2261 Nec
328 2207 361 2259 tu
377 2215 468 2274 quarn
487 2200 609 2260 Rhesus
630 2217 739 2262 somno
754 2203 880 2262 meliore
897 2201 1052 2280 quiescas,

293 2283 387 2356 Quam
408 2283 533 2344 comites
549 2284 652 2344 Rheso
668 2292 730 2345 turn
746 2287 844 2360 neeis,
862 2294 932 2347 ante
948 2289 1026 2360 viae,

250 2368 345 2442 Quam
361 2383 441 2441 quos
461 2384 528 2427 cum
548 2369 659 2428 Rutulo
675 2370 763 2428 morti
777 2369 925 2431 Ramnete
941 2371 1098 2433 dederunt

166 2524 168 2530 7
186 2461 238 2517 630
293 2452 425 2527 Impiger
437 2453 621 2530 Hyrtacides
636 2453 883 2531 Hyrtacidaeque
898 2471 1013 2517 comes.

251 2535 468 2612 Cliniadaeque
483 2538 575 2596 modo
592 2537 795 2598 circumdatus
816 2538 936 2612 ignibus
952 2540 1027 2600 atris

292 2618 430 2679 Membra
449 2621 530 2680 ieras
548 2620 675 2698 Stygiae
690 2622 901 2683 semicremata
915 2624 993 2682 neci.

249 2704 350 2776 thue
364 2705 460 2762 Remo
476 2719 579 2762 muros
597 2719 674 2764 auso
689 2706 819 2766 transire
835 2713 984 2780 recentes,

290 2785 388 2844 Noxia
403 2785 463 2845 sint
478 2785 568 2862 capiti
582 2789 697 2848 rustica
710 2791 770 2850 tela
785 2797 847 2851 tuo.

183 2877 236 2932 635
250 2869 388 2945 Denique
406 2868 590 2932 Sarmaticas
605 2872 683 2932 inter
694 2873 877 2948 Geticasque
892 2875 1019 2950 sagittas

290 2953 344 3013 Ris
361 2969 471 3028 precor
484 2962 517 3016 ut
529 2959 617 3017 vivas
633 2963 663 3016 et
680 2958 811 3018 moriare
825 2959 911 3020 locis.

250 3037 334 3096 Haec
350 3037 400 3096 tibi
416 3041 564 3116 tantisper
579 3041 679 3101 subito
695 3042 757 3101 sint
769 3043 865 3118 missa
879 3043 991 3116 libello,

293 3121 480 3183 Inmemores
495 3141 533 3184 ne
548 3141 606 3186 nos
623 3140 695 3186 csse
711 3141 841 3200 querare
859 3128 913 3188 tui.

248 3203 349 3264 Pauca
365 3207 500 3281 quidem,
517 3210 624 3271 fateor.
662 3209 719 3270 sed
734 3210 765 3269 di
780 3210 854 3270 dent
868 3212 955 3286 plura
968 3211 1101 3286 rogatis,

186 3296 239 3353 640
294 3289 553 3368 Multiplicentque
568 3310 624 3355 suo
641 3301 713 3354 vota
728 3295 835 3354 lavore
848 3310 923 3356 mea.

251 3372 417 3435 Postmodo
433 3377 521 3450 plura
533 3379 632 3453 leges,
651 3385 681 3438 et
694 3393 805 3437 nomen
821 3375 964 3440 habentia
977 3390 1103 3455 verum,

294 3457 332 3520 m
346 3457 425 3534 pede
441 3475 501 3534 quo
517 3461 629 3521 debent
642 3461 724 3521 acria
738 3461 820 3522 bella
833 3460 908 3539 geri.

584 3571 775 3584 *μυ-ιη..
