2372 3928
365 228 393 301 l,
418 225 591 289 lia-254.
923 227 986 291 207

67 380 93 441 ln
110 378 203 456 pretio
222 379 351 454 pretium
369 395 450 439 nunc
466 386 521 440 est.
552 380 605 439 dat
619 395 730 440 census
747 379 891 451 bonores,

102 465 214 524 Census
229 463 387 522 amicitias.
418 478 536 538 pauper
549 463 664 539 ubique
679 464 765 522 iacet.

67 549 104 610 Tu
115 555 211 607 tamen
228 546 398 622 auspicium
413 547 441 605 si
456 547 495 605 sit
509 546 596 622 stipis
612 547 697 619 utile,
715 548 847 620 quaeris,

24 642 60 696 ‘tut
106 631 218 705 curque
233 632 337 692 iuvent
351 636 472 690 vestras
488 644 560 688 aera
574 636 693 690 vetusta
708 638 837 691 manus?

69 719 136 774 Aera
151 713 264 773 dabant
278 715 357 774 olim.
383 714 492 772 melius
507 729 588 772 nunc
605 729 693 773 omen
710 714 740 772 in
755 729 830 774 aare
845 721 900 788 est,

101 799 247 873 Victaque
263 798 415 858 concessit
428 797 530 873 prisca
544 804 667 858 moneta
682 812 790 856 novae.

69 882 121 942 Nus
133 897 254 957 quoque
266 884 379 956 templa
390 882 502 953 iuvant,
518 882 659 956 quamvis
671 881 794 954 antiqua
807 889 980 955 probemus,

103 969 207 1025 Aurea.
235 967 378 1025 maiestas
394 964 538 1026 convenit
551 964 610 1024 ista
624 965 693 1025 deo.

25 1057 59 1108 lb
71 1049 225 1109 Laudamus
241 1055 376 1124 veteres,
392 1049 449 1110 sed
464 1049 576 1108 nostris
590 1049 701 1109 utimur
714 1048 817 1107 annis=

105 1133 167 1192 llos
181 1140 281 1193 tamen
296 1140 343 1193 est
357 1148 456 1209 aeque
471 1132 581 1208 dignus
597 1139 724 1208 uterque
740 1131 822 1191 coli?

72 1215 187 1276 Finierat
200 1217 341 1278 monitus.
370 1217 501 1276 Placidis
517 1217 558 1278 itu
572 1233 695 1289 rursus,
713 1221 838 1287 utente,

106 1301 285 1375 clavigerum
301 1300 404 1360 verbis
420 1301 571 1375 adloquor
585 1301 654 1376 ipse
668 1301 774 1361 deum:

73 1383 163 1443 ‘llulta
179 1386 300 1460 quidem
316 1385 418 1445 didici.
447 1385 503 1444 sed
518 1401 573 1445 cur
587 1383 704 1444 navalis
722 1385 751 1444 iu
768 1399 838 1444 aere

29 1481 64 1536 tto
108 1469 204 1529 Altera
215 1471 334 1544 signata
349 1475 411 1540 est,
427 1469 522 1528 altera
538 1470 634 1529 lorma
647 1467 787 1542 bicepsl’

74 1551 204 1612 ‘Nascere
218 1569 267 1613 me
284 1553 397 1628 duplici
413 1567 525 1628 posses
540 1559 573 1612 ut
587 1552 747 1626 imagiuc,’
762 1551 839 1612 dixit

107 1637 148 1694 ‘Nl
162 1644 249 1697 vetus
265 1635 334 1712 ipsa
351 1637 417 1696 dies
432 1642 630 1697 extenuasset
645 1650 735 1711 opus.

75 1719 158 1780 Causa
171 1721 243 1781 ratis
259 1729 415 1796 superest=
443 1719 573 1780 Tuscum
589 1726 653 1781 rate
668 1718 794 1779 venitin
809 1734 927 1779 amnem

107 1807 179 1864 Ante
195 1811 349 1880 pererrato
365 1804 483 1863 falcifer
497 1805 572 1865 orbe
586 1805 674 1864 deus.

31 1894 65 1945 tu
75 1887 128 1946 llac
141 1904 196 1964 ego
212 1888 374 1950 Saturnum
389 1889 510 1948 memini
526 1889 633 1948 tellure
646 1894 811 1964 receptum.

109 1971 262 2034 Caelitibus
276 1972 378 2048 regnis
395 1973 501 2033 alove
515 1974 624 2048 pulsus
639 1978 713 2031 crat.

76 2055 136 2116 lude
149 2057 197 2117 diu
212 2057 293 2132 genti
309 2057 420 2117 mansit
433 2056 575 2116 Saturnia
589 2070 717 2116 nomen:

107 2139 187 2201 Dicta
202 2157 324 2218 quoque
339 2148 386 2208 est
399 2141 515 2218 Latium
530 2147 618 2216 turra,
634 2141 746 2200 latente
761 2140 830 2201 deo.

76 2223 107 2282 tt
117 2225 193 2285 bona
205 2225 368 2301 posteritas
384 2240 518 2300 puppem
534 2225 674 2285 formavit
688 2223 717 2284 in
733 2239 812 2297 uere,

34 2319 68 2372 nt
110 2307 238 2384 Hospitis
253 2310 417 2370 adventum
431 2309 592 2370 testificata
607 2308 667 2368 dei.

77 2391 137 2466 lpse
151 2394 246 2454 solum
262 2394 357 2468 colui,
375 2394 460 2453 cuius
477 2391 685 2469 placidissima
700 2391 820 2449 laevum

110 2476 192 2537 Radit
204 2477 327 2539 arenosi
340 2477 505 2555 Thybridis
518 2477 601 2536 unda
618 2477 706 2535 latus.

78 2556 135 2630 liic,
149 2561 197 2621 ubi
212 2576 292 2621 nunc
307 2562 405 2621 Roma
420 2568 480 2634 est,
496 2560 647 2621 incaedua
661 2559 739 2618 silva
752 2555 878 2627 virebat,

108 2643 255 2720 Tantaque
268 2661 318 2706 res
335 2647 440 2721 paucis
456 2659 572 2720 pascua
586 2643 684 2703 bubus
700 2647 772 2702 erat.

35 2731 67 2783 tta
78 2723 131 2784 dtu
143 2744 207 2788 mea
225 2730 312 2788 collis
328 2737 406 2804 erat,
423 2745 512 2804 quem
530 2727 637 2788 cultrix
651 2726 773 2786 nomine
787 2731 892 2784 nostro

110 2808 261 2887 Nuncupat
274 2813 352 2873 baec
366 2820 467 2885 aetas,
483 2813 710 2886 Ianiculumque
726 2817 826 2869 vocat.

76 2889 145 2952 lunc
158 2910 212 2970 ego
227 2895 409 2971 regnabam,
427 2896 546 2972 paticus
562 2910 629 2953 cum
643 2902 725 2953 terra
740 2893 864 2954 deorum

108 2978 204 3054 llsset,
223 2989 254 3040 et
266 2980 406 3040 humanis
422 2982 545 3041 numina
558 2979 652 3038 mixta
667 2978 752 3036 locis.

75 3056 197 3122 Nondum
211 3063 357 3123 Iustitiam
376 3065 493 3125 lacinus
509 3062 635 3122 mortale
650 3061 781 3134 iugulata

35 3145 69 3198 tto
111 3142 212 3205 Ultima
228 3147 267 3206 de
282 3147 404 3224 superis
419 3149 470 3208 illa
482 3146 604 3220 reliquit
620 3145 754 3206 humum.

75 3223 180 3302 Proque
193 3240 273 3292 metu
290 3232 436 3308 populum
452 3231 520 3292 sine
536 3231 566 3289 vi
582 3230 684 3304 pudor
698 3229 766 3304 ipse
782 3226 916 3302 regebat.

109 3309 205 3373 Nullus
221 3315 284 3375 erat
298 3316 386 3375 iustis
401 3315 532 3375 reddere
547 3315 612 3372 iura
628 3312 722 3372 labor.

74 3389 111 3450 liil
124 3395 191 3455 mibi
206 3414 273 3460 cum
287 3400 379 3459 bello.
410 3414 517 3474 pacem
535 3404 703 3472 postesque
716 3395 852 3455 tuebar?

21 3507 23 3514 ν
108 3477 142 3537 lit
156 3481 267 3544 clavem
283 3483 449 3543 ostendens
464 3483 572 3541 ‘llaec’
589 3482 629 3542 ait
643 3486 739 3540 ‘arma
754 3483 850 3552 gero?
