2492 3926
178 225 241 288 288
556 220 809 282 FASTORUM

304 374 366 436 Seu
380 389 494 434 curvae
508 373 611 448 lalcis,
627 373 695 434 sive
710 370 843 434 bidentis
857 379 931 432 0001.

195 467 248 524 690
263 460 346 520 llaec
359 458 451 518 modo
466 457 751 518 verrebat'stantetn
765 455 888 516 tibicine
902 454 1018 531 villam,

300 543 386 602 Nunc
400 541 504 602 matris
519 541 630 617 plumis
646 556 706 599 ova
720 539 855 602 lovende
868 537 973 598 dabatz

262 628 324 687 Aut
338 625 453 686 virides
468 625 601 698 malvas,
623 631 675 686 aut
690 625 800 699 fungos
815 622 930 702 colligit
942 621 1052 697 albos,

302 712 364 770 Aut
378 707 521 769 humilem
534 715 620 784 grato
636 708 757 768 uallauit
771 709 841 782 igne
856 707 965 765 locum.

261 792 298 851 Et
312 801 412 852 umen
426 793 561 853 assiduis
576 801 699 852 exercet
712 791 857 852 bracchia
871 789 948 861 telis,

193 883 246 939 ’100
300 876 524 952 Adversasque
537 875 634 936 minas
650 873 770 950 trigoris
785 890 870 934 arma
884 878 979 948 parat.

260 958 355 1019 Filius
372 958 462 1018 huius
479 967 544 1020 erat
558 961 654 1036 00000
670 959 804 1020 lascivus
818 958 848 1016 in
862 972 951 1030 aevo,

302 1041 535 1117 addideratque
549 1059 646 1104 00000
661 1043 702 1104 ud
716 1043 778 1103 duo
794 1042 889 1102 lustra
904 1041 992 1102 duos.

262 1128 291 1185 ls
306 1126 389 1201 cupit
402 1127 528 1188 extremi
543 1128 666 1202 volpem
681 1126 821 1186 convalle
835 1124 949 1186 salictis

300 1208 475 1269 Abstulerat
489 1211 599 1271 multas
614 1211 666 1270 illa
679 1209 814 1270 cohortis
828 1223 913 1268 aves.

191 1298 243 1352 005
259 1292 416 1367 Captivam
430 1292 543 1368 stipula
557 1294 712 1367 laeuoque
725 1293 861 1362 involvit,
884 1299 915 1350 et
927 1290 1017 1366 ignes

300 1375 462 1436 Admovet.
494 1385 618 1438 urentes
633 1375 739 1450 elingit
754 1377 804 1436 illa
819 1391 937 1435 manus.

261 1458 326 1532 Qua
340 1459 429 1534 fugit,
444 1461 577 1520 incendit
591 1461 720 1520 vestitus
735 1459 887 1520 messibus
902 1471 1012 1532 agnose

299 1542 464 1605 Damnosis
479 1542 561 1604 vires
575 1543 696 1620 ignibus
712 1560 789 1604 aura
802 1541 903 1602 dabat.

258 1625 381 1685 Factum
404 1625 490 1700 abiit,
519 1630 705 1689 munimenta
731 1633 863 1686 manent.
907 1640 1040 1700 namque
1076 1626 1178 1691 icere

895 1717 1017 1784 captam

191 1801 245 1856 710
298 1792 384 1853 Nunc
400 1809 524 1868 quoque
538 1795 588 1854 lex
603 1795 726 1870 volpem
744 1793 930 1854 Carseolana
944 1798 1053 1851 vetut’

258 1876 358 1951 thue
376 1877 438 1939 luat
452 1893 569 1954 poenas
585 1893 661 1953 gens
677 1877 768 1949 llaec,
785 1877 950 1938 Cerirrlibus
965 1876 1078 1938 ardete

297 1959 425 2035 Quoque
440 1962 533 2022 modo
548 1970 670 2038 segetes
686 1961 827 2037 perdidit,
843 1962 913 2035 ipsa
926 1959 1014 2035 perit.

611 2095 663 2156 20.
685 2095 740 2154 FN

255 2210 399 2269 Proxima
416 2225 483 2270 cum
497 2210 598 2272 veniet
611 2218 707 2272 10000
723 2212 827 2272 visura
843 2221 981 2290 patentes

296 2293 466 2355 Memnonis
480 2293 510 2354 in
525 2295 626 2356 roseis
642 2296 723 2357 lutea
739 2306 834 2356 nrater
846 2299 945 2372 equis,

188 2384 239 2440 lte
255 2377 299 2438 Dc
313 2379 393 2438 duce
408 2377 532 2453 lanigeri
546 2380 684 2455 peeoris,
698 2380 749 2455 qui
768 2382 903 2456 prodidit
918 2381 1031 2454 llellen,

293 2462 347 2522 Sol
362 2461 434 2523 abit.
463 2479 591 2537 egresso
606 2464 728 2524 victima
743 2466 840 2524 maior
854 2465 952 2525 adest.

252 2548 357 2606 Vacca
371 2545 411 2606 sit
424 2562 463 2605 00
477 2554 591 2620 taurus
612 2564 673 2608 000
688 2555 736 2607 001
750 2563 939 2622 cognoscere
953 2558 1150 2624 promptum
1241 2563 1242 2646 0

292 2629 367 2688 Pars
382 2630 466 2704 prior
480 2639 621 2704 apparet,
638 2631 809 2706 posteriora
824 2633 923 2691 101001.

253 2710 314 2772 Seu
328 2721 428 2771 tamen
443 2718 491 2770 est
504 2719 623 2787 100000,
645 2716 714 2774 0100
728 2723 776 2775 est
789 2715 848 2774 hoc
864 2715 974 2782 lemine
988 2715 1140 2794 signum,
1240 2731 1241 2820 0

184 2801 237 2857 llo
289 2795 404 2855 100000
417 2794 511 2855 invita
525 2811 634 2856 munus
650 2798 762 2858 amoris
777 2797 877 2858 habet.

534 2929 585 2993 21.
609 2931 805 2992 GPAR·lP

250 3043 317 3104 Nox
332 3043 419 3118 abiit,
442 3047 598 3124 oriturque
611 3066 732 3110 aurora.
759 3049 870 3108 Parilia
885 3063 1006 3124 poscor.
1238 3079 1239 3168 0

290 3127 357 3188 Non
373 3145 487 3204 poscor
501 3132 626 3203 frustra,
643 3134 670 3192 si
687 3133 767 3192 lavet
781 3133 861 3192 alma
875 3132 973 3191 Pales.

248 3211 338 3272 Alma
352 3211 455 3284 Pales,
478 3216 583 3276 faveas
599 3217 736 3290 pastoria
750 3232 839 3276 sacra
854 3216 982 3288 canenti,

289 3293 463 3372 Prosequor
477 3299 580 3358 aldoin
596 3300 622 3358 si
637 3308 689 3359 tua
706 3301 783 3359 iesta
799 3301 860 3374 pio.

183 3383 233 3442 tus
250 3379 335 3440 Certe
349 3396 408 3454 ego
423 3380 462 3439 de
477 3383 570 3442 vitulo
585 3383 716 3443 cinerem
732 3385 922 3458 stipulasque
938 3381 1048 3442 lahalis

286 3462 387 3537 Saepe
401 3463 454 3523 tuli
470 3466 574 3538 plena,
597 3468 702 3527 lebrua
717 3475 816 3538 casta,
838 3483 938 3526 ntanu.

943 3553 949 3578 Ι
