2492 3926
544 232 601 306 VI,
625 231 759 296 10-85.

269 383 307 446 Et
324 390 459 445 vetarem
473 381 559 443 Latio
574 383 782 459 supposuisse
797 384 922 446 Samon.

227 467 318 528 Adde
331 482 438 528 senem
451 465 584 539 Tabam,
599 467 857 545 Iunonicolasque
870 467 1018 549 Faliscos,

171 559 212 613 tto
271 551 354 626 Quos
369 567 427 626 ego
441 550 589 614 Romanis
605 551 808 616 succubuisse
821 554 885 615 tuli.

228 633 291 696 Sed
304 649 406 712 neque
420 633 587 712 paeniteat,
603 650 661 695 nec
674 651 751 712 gens
769 637 842 697 mihi
860 638 962 700 carior
976 641 1038 701 ulla
1052 651 1108 706 cst.

269 718 325 780 Hic
346 719 444 795 colar,
459 718 510 780 hic
524 725 646 780 teneam
661 736 731 781 curu
745 721 819 782 love
833 722 947 798 templa
960 739 1040 786 meo.

227 803 298 878 lpse
311 803 384 864 mihi
398 803 523 865 Mavors
538 801 752 865 “commendo
767 805 915 867 moenia”
930 803 1007 867 dixit

268 887 377 948 “Haec
391 885 453 948 tibi.
485 895 518 948 tu
532 887 654 963 pollens
669 888 746 950 urbe
760 890 882 966 nepotis
895 890 992 950 eris.”

169 979 210 1032 55
226 970 315 1032 Dicta
329 971 409 1034 fldes
424 970 571 1046 sequitur.
601 976 722 1032 centum
742 973 931 1035 celebramur
949 974 980 1034 ln
995 975 1072 1038 aris:

156 1072 163 1078 ·
266 1054 329 1116 Nec
344 1055 442 1116 levior
457 1054 567 1129 quovis
582 1060 631 1116 est
647 1055 720 1116 milri
738 1057 854 1118 mensis
868 1058 976 1121 honor.

224 1139 286 1198 Nec
300 1146 401 1200 umen
415 1139 496 1199 hunc
514 1137 605 1200 nobis
624 1140 833 1202 tantummodo
854 1149 989 1219 praestat
1007 1143 1155 1212 honorem

265 1223 372 1286 Roma.
402 1221 570 1286 suburbani
584 1221 658 1284 dant
671 1223 743 1284 mihi
757 1241 868 1287 munus
884 1226 974 1286 idem.

225 1307 360 1383 Inspice,
378 1323 459 1384 quos
475 1306 586 1368 lrabeat
599 1309 763 1370 nemoralis
778 1309 881 1370 Aricia
895 1311 1002 1388 fastos,

166 1400 206 1456 60
263 1391 300 1452 Et
319 1391 453 1467 populus
468 1393 605 1454 Laurens
619 1391 851 1468 Lanuviumque
866 1410 981 1455 meum:

224 1475 278 1536 Est
291 1475 353 1535 illic
366 1475 482 1537 mensis
495 1474 655 1536 Iunonius.
685 1475 808 1552 Inspice
821 1476 913 1536 Tibur

266 1559 304 1619 Et
315 1559 530 1620 Praenestinae
545 1559 668 1621 moenia
678 1575 770 1620 sacra
783 1559 875 1620 dener

224 1643 370 1705 Iunonale
381 1645 468 1720 leges
486 1651 617 1720 tempus.
645 1642 708 1704 Nec
724 1643 873 1706 Romulus
889 1643 957 1706 illas

268 1727 418 1789 Condidit.
449 1735 479 1788 at
493 1728 590 1789 nostri
604 1727 704 1790 Roma
717 1727 838 1804 nepous
854 1731 939 1788 erat’

167 1821 207 1876 ot>
223 1809 355 1873 Finierat
368 1811 454 1873 iuno.
479 1811 697 1888 Respeximus.
724 1809 865 1873 HercuIIs
880 1827 960 1872 uxor

267 1894 386 1972 Stabat,
408 1902 439 1958 et
452 1895 482 1956 in
497 1897 583 1958 voltu
600 1895 689 1972 sIgna
704 1895 836 1958 dolentis
851 1901 947 1957 crant.

225 1979 302 2041 ‘Non
321 1996 394 2056 ego,
412 1981 440 2040 si
454 1985 518 2042 toto
533 1987 629 2042 mater
643 1995 693 2040 mc
707 1980 818 2041 cedere
833 1980 919 2041 caelo

267 2065 408 2140 iusserit,
424 2064 517 2125 Invita
531 2071 626 2125 matre
640 2063 795 2125 morabor’
811 2063 861 2126 ait.

225 2149 322 2209 ‘Nunc
338 2163 463 2224 quoque
477 2164 539 2209 non
553 2149 652 2209 luctor
665 2147 705 2208 de
719 2147 842 2210 nomine
856 2148 1004 2226 temporis
1017 2148 1108 2215 halus

166 2241 208 2298 70
263 2231 423 2308 Blandior,
440 2239 469 2292 et
482 2239 587 2308 partes
601 2247 701 2309 paena
718 2233 856 2309 rogantis
872 2249 942 2310 ago,

223 2315 361 2392 Itemque
375 2315 434 2377 mei
453 2316 527 2377 iuris
541 2315 644 2378 malim
657 2317 794 2378 tenuisse
808 2317 979 2393 probandos

265 2400 303 2462 Et
316 2401 423 2462 laveas
439 2414 552 2461 causae
566 2400 695 2462 forsitan
709 2399 778 2476 ipse
791 2416 888 2461 meae.

223 2484 327 2544 Aurea
340 2484 482 2560 possedit
496 2483 583 2545 seclo
599 2484 748 2562 capitolia
762 2485 876 2561 templo

265 2568 376 2644 Mater,
392 2575 421 2630 et
430 2576 463 2630 ut
477 2567 582 2642 debet,
598 2584 668 2631 cum
681 2569 754 2630 Iove
769 2584 889 2630 summa
908 2574 999 2629 tenet.

163 2661 203 2718 75
218 2653 259 2712 At
273 2653 368 2715 dacus
384 2668 474 2715 omne
492 2651 564 2713 milri
582 2652 729 2729 conu'ngit
745 2652 861 2729 origine
874 2652 999 2714 mensis.

265 2737 381 2798 UnIcus
396 2744 457 2812 est,
473 2737 513 2796 de
532 2752 592 2811 quo
608 2737 821 2813 sollicitamur,
836 2737 944 2797 honor.

223 2820 301 2895 Quid
316 2837 426 2897 grave,
441 2821 469 2882 si
482 2820 600 2882 titulum
613 2821 745 2898 mansis,
764 2821 916 2896 Romane,
931 2819 1042 2881 dedisti

265 2904 405 2966 Herculis
420 2905 525 2978 uxori,
545 2906 772 2982 posteritasque
786 2911 923 2966 mamert

222 2987 305 3050 Ilaec
321 3006 446 3067 quoque
455 2995 537 3050 terra
551 2989 667 3066 aliquid
682 2989 774 3052 debet
787 2987 860 3051 mihi
876 2988 998 3048 nomIne
1009 2987 1108 3067 magn·

163 3081 204 3137 80
261 3073 414 3150 Coniugis.
446 3074 508 3134 huc
523 3079 629 3150 captas
644 3074 762 3150 appulit
775 3074 826 3134 illc
838 3073 948 3134 boves.

221 3156 278 3217 Ille
290 3159 369 3219 male
385 3157 532 3220 defensus
552 3157 683 3220 flammIs
702 3166 734 3219 et
746 3158 818 3238 dote
833 3164 960 3233 paterna

266 3242 362 3304 Cacus
377 3243 559 3304 Aventinam
575 3241 724 3318 sanguine
738 3241 826 3302 tinxit
838 3241 986 3316 humum

221 3324 273 3385 Ad
286 3326 433 3403 propIora
449 3342 555 3388 vocor.
582 3325 731 3402 Populum
746 3325 876 3402 digessit
890 3326 928 3387 ab
944 3323 1032 3386 annis

264 3408 429 3487 Romulus,
444 3411 476 3471 in
490 3422 593 3486 partes
609 3409 824 3486 distribuitque
838 3409 927 3470 duas.

160 3501 203 3558 85
218 3491 301 3553 llaec
319 3494 393 3556 dare
409 3494 582 3571 consilium,
598 3510 736 3572 pugnare
754 3491 888 3570 paratim
903 3492 955 3553 illa
969 3496 1030 3553 est:
