2394 3940
188 263 245 330 102
612 259 761 324 IBlDlS

305 413 508 488 Funereoque
522 428 633 488 graves
648 411 744 473 edidit
758 428 813 473 ore
827 427 935 475 sonos.

266 498 408 562 Protinus
422 497 607 558 Eumenides
623 498 728 556 lavere
744 497 933 571 palustribus
949 496 1048 573 undis,

303 582 369 657 Qua
383 597 462 641 cava
476 581 515 640 de
531 579 647 658 Stygiis
663 579 795 640 fluxerat
808 579 893 640 unda
907 579 1006 655 vadis,

204 670 256 732 aba
266 666 455 741 Pectoraque
470 670 624 725 unxerunt
636 661 772 723 Erebeae
787 663 857 723 telle
873 664 1027 736 colubrae,

267 797 274 810 ,
302 744 427 824 Terque
442 753 614 807 cruentatas
629 746 808 821 increpuere
823 762 941 809 manus.
978 805 982 812 .

266 832 456 906 Gutturaque
470 829 641 890 imbuerant
655 829 781 890 inlantia
796 831 874 891 lacte
889 831 999 892 canino

307 915 364 975 llic
377 915 493 991 primus
507 913 596 990 pueri
609 912 693 972 veuit
707 913 737 973 in
753 930 807 975 ora
823 914 925 976 cibuss

264 997 398 1059 Perbibit
411 998 484 1057 inde
498 1013 576 1059 suae
589 996 705 1058 rabiem
719 997 847 1060 nutricis
864 999 1014 1075 alumnus,

204 1092 256 1148 sao
306 1082 408 1142 Latrat
422 1089 452 1142 et
465 1081 496 1140 in
511 1088 574 1142 toto
589 1081 685 1141 verba
700 1082 809 1142 canina
824 1083 891 1142 toro

264 1164 463 1240 Membraque
477 1165 641 1226 vinxerunt
653 1164 754 1226 tinctis
769 1165 922 1242 ferrugine
936 1166 1055 1242 pannis,

303 1249 333 1310 Α
347 1250 425 1309 male
440 1249 562 1309 deserto
579 1264 658 1325 quos
673 1265 804 1325 rapuere
817 1265 910 1326 rogos

263 1333 302 1392 Et
314 1349 354 1393 ne
367 1349 428 1393 non
444 1333 549 1392 fultum
565 1333 648 1392 nuda
660 1335 768 1394 tellure
782 1333 904 1407 iaceret,

304 1417 396 1477 Molle
411 1431 504 1492 super
518 1416 620 1478 silices
635 1416 802 1493 inposuere
817 1425 917 1494 caput.

201 1508 252 1565 aab
264 1500 389 1575 lamque
403 1515 584 1560 recessurae
597 1501 688 1561 viridi
703 1501 743 1562 de
758 1501 860 1576 stipite
875 1502 971 1562 iactas

304 1584 476 1645 Admorunt
490 1584 588 1644 oculis
602 1600 704 1660 usque
720 1586 778 1646 sub
793 1601 848 1646 ora
861 1585 956 1646 iaces.

262 1666 377 1740 Flebat,
397 1674 431 1728 ut
445 1673 493 1728 est
506 1667 606 1728 inians
622 1668 713 1729 lamis
728 1676 887 1730 contactus
902 1669 1030 1728 amaris:

300 1751 347 1812 De
360 1751 457 1837 tribus
473 1758 520 1811 est
535 1767 603 1812 cum
618 1753 664 1812 sic
679 1767 740 1811 una
753 1751 856 1812 locuta
871 1768 975 1812 soror:
1018 1819 1019 1823 Ἰ

264 1836 407 1910 ‘Tempus
422 1835 452 1894 in
468 1835 638 1897 inmensum
652 1836 794 1896 lacrimas
808 1835 862 1895 tibi
876 1836 1028 1896 movimus
1043 1836 1127 1904 istas,

199 1928 252 1983 240
304 1918 388 1993 Quae
404 1934 526 1995 semper
540 1935 636 1980 causa
652 1919 824 1981 sufficiente
839 1919 970 1981 eadent!

263 2003 396 2064 Dixerat.
430 2008 459 2062 et
474 2002 579 2076 Clotho
594 2004 684 2064 iussit
698 2004 851 2079 promissa
864 2004 977 2078 valere,

304 2085 392 2145 Nevit
406 2092 437 2145 et
450 2085 561 2146 intesta
575 2087 704 2147 stamina
720 2087 803 2163 pulla
816 2103 917 2162 manu,

262 2170 300 2229 Et
313 2183 352 2228 ne
367 2169 460 2243 longa
473 2185 530 2230 suo
545 2171 708 2245 praesagia
721 2171 838 2231 diceret
851 2186 914 2246 ore,

304 2253 389 2313 ‘Fata
405 2259 494 2314 canet
507 2261 594 2314 vates
610 2255 662 2329 qui
675 2258 748 2330 tua’,
771 2254 849 2315 dixit
863 2255 952 2315 ‘erit’

199 2345 250 2400 245
262 2337 315 2396 llle
330 2353 387 2413 ego
403 2353 470 2398 sum
483 2343 581 2399 vates.
615 2354 654 2398 ex
668 2354 718 2398 me
731 2344 783 2398 tua
797 2339 925 2398 vulnera
940 2337 1055 2415 disces,

300 2422 338 2483 Di
352 2423 446 2482 modo
462 2422 533 2482 dent
547 2423 629 2482 vires
644 2421 674 2481 in
690 2437 758 2482 mea
771 2422 867 2482 verba
881 2437 964 2482 suas.

261 2506 512 2582 Carminibusque
526 2506 603 2566 meis
619 2506 766 2566 accedent
780 2505 920 2581 pondera
934 2520 1043 2583 rerum,

303 2591 387 2666 Quae
400 2597 467 2650 rata
481 2605 538 2664 per
551 2592 649 2650 luctus
665 2589 825 2664 experiare
839 2595 919 2650 tuos.

259 2674 344 2735 Neve
359 2674 426 2734 sine
442 2673 590 2747 exemplis
605 2673 674 2732 aevi
689 2673 825 2734 cruciere
839 2672 968 2748 prioris=

196 2768 249 2822 250
300 2756 367 2817 Sint
380 2763 432 2816 tua
445 2755 582 2816 iunianis
597 2772 658 2816 non
674 2757 789 2816 leviora
803 2755 902 2816 malis.

259 2841 439 2916 Quantaque
454 2839 597 2913 clavigeri
611 2839 773 2900 Poeantius
787 2839 928 2900 Herculis
942 2839 1042 2915 beros,

298 2923 393 2985 Tanta
408 2931 558 2984 venenato
574 2924 700 2985 vulnera
715 2939 801 2983 crure
816 2939 917 2998 geras.
1193 2945 1194 2988 3

257 3006 320 3068 Noc
335 3007 433 3068 levius
448 3007 566 3083 doleas,
589 3023 680 3083 quam
697 3007 749 3084 qui
763 3006 839 3067 bibit
852 3006 948 3067 ubera
962 3021 1082 3083 cervas,

299 3091 476 3165 Armatique
490 3092 556 3152 tulit
569 3093 689 3168 vulnus,
713 3091 836 3151 inermis
851 3107 953 3167 opem.

195 3183 247 3236 255
258 3174 376 3250 Quique
390 3174 429 3234 ab
444 3191 525 3250 equo
541 3190 692 3252 praeceps
709 3174 739 3234 in
752 3175 843 3236 Aleia
857 3175 972 3236 decidit
986 3188 1071 3247 aava,

297 3258 396 3320 Exitio
411 3259 507 3319 iacies
522 3260 571 3319 cui
586 3275 643 3320 sua
657 3274 758 3335 paene
772 3259 836 3320 fuit.

256 3344 299 3417 ld,
323 3344 405 3417 quod
420 3343 655 3421 Amyntorides,
677 3342 803 3418 videm,
826 3343 1042 3420 trepidumque
1056 3341 1189 3406 ministr

295 3425 502 3501 Praetemptes
518 3427 628 3487 baculo
644 3427 766 3488 luminis
782 3428 875 3488 orbus
891 3427 955 3486 iter.

256 3508 319 3570 Nec
333 3511 404 3587 plus
422 3510 565 3588 aspicias,
590 3526 681 3587 quam
697 3527 788 3587 quem
804 3527 861 3573 sua
875 3510 938 3570 filia
951 3516 1039 3582 rexit,
