2372 3928
382 252 434 318 111,
458 248 634 313 lat-272.
953 253 1011 318 251

18 413 64 468 110
77 404 173 480 Quid,
197 404 283 480 quod
297 403 395 463 hiems
410 402 560 478 adoperta
573 404 644 478 gelu
659 411 730 462 tune
745 404 878 481 denique
893 405 982 481 cedit,

122 487 162 549 111
176 493 307 562 pereunt
320 487 420 547 vietae
435 487 502 546 sole
517 493 639 561 tepente
653 487 749 560 nicee,

79 569 255 632 Arboribus
269 570 399 631 redeunt
414 568 563 632 detonsae
571 569 690 646 'frigore
705 570 840 647 frondes,

121 655 285 729 Uvidaque
298 653 328 713 in
344 660 454 715 tenero·
466 652 589 728 palmite
602 669 722 729 gamma
737 660 844 716 tumet:

81 739 231 814 Quaeque
246 737 299 798 din
313 736 411 810 latuit,
435 752 515 796 nunc
530 752 565 796 se
580 753 641 812 qua
655 737 741 798 tollat
754 739 784 798 in
800 754 900 814 auras,

20 831 65 886 110
120 821 239 882 Fertilis
255 821 391 882 occultas
407 820 523 881 invenit
540 820 636 880 herba
649 822 726 882 vias.

81 906 170 966 Nunc
185 905 356 968 foecundus
371 919 453 980 ager.
484 904 607 980 pecoris
622 921 704 966 nune
718 905 795 965 hora
811 906 949 966 creandi·

122 988 209 1050 Nune
224 988 292 1050 avis
306 987 335 1048 in
348 1004 433 1049 ramo
446 993 526 1051 tecta
542 988 697 1063 laremque
712 997 808 1065 parat

80 1074 235 1148 Tempora
250 1072 315 1134 iure
331 1073 435 1134 colunt
447 1072 552 1134 Latiae
567 1072 721 1138 loeeunda
739 1081 893 1149 parentes,

127 1155 261 1230 Quarum
282 1157 416 1218 militiam
432 1162 568 1230 votaque
583 1164 689 1232 partus
704 1155 805 1217 habet.

25 1249 68 1303 115
82 1239 184 1311 Adde,
210 1239 293 1314 quod
309 1238 524 1300 excubiasubi
541 1255 598 1300 rex
611 1240 770 1303 Romanus
787 1241 906 1317 agebat,

125 1322 181 1397 Qui
196 1338 277 1383 nune
291 1322 447 1399 Esquilias
466 1323 591 1384 nomina
606 1324 693 1385 collis
707 1323 808 1397 habet,

81 1407 147 1467 illie
162 1423 182 1466 a
196 1407 322 1468 nuribus
337 1407 445 1469 lunoni
460 1406 575 1482 templa
588 1407 702 1468 Latinis

125 1491 190 1551 Hae
205 1497 292 1566 sunt,
309 1491 335 1552 si
350 1490 486 1563 mertini,
503 1490 627 1568 publiea
641 1492 721 1552 laeta
737 1492 796 1552 die.

84 1574 164 1649 Quid
179 1590 298 1648 moror,
321 1581 351 1636 et
364 1574 459 1636 variis
475 1590 569 1637 onero
584 1581 637 1636 tua
650 1582 777 1651 pectora
792 1575 918 1636 causist

27 1667 72 1720 100
126 1657 246 1718 Eminet
260 1664 331 1719 ante
347 1658 464 1733 oeulos,
488 1659 573 1735 quod
587 1659 683 1736 petis,
706 1673 779 1720 ecce
793 1665 874 1721 tuos.

83 1741 182 1803 Mater
196 1749 277 1804 ornat
291 1749 412 1822 nuptas.
441 1749 567 1804 matram
582 1759 651 1804 mea
665 1742 754 1804 turba
768 1743 949 1818 frequentat.

126 1825 211 1886 Haec
225 1843 283 1888 nos
299 1827 464 1903 praecipue
478 1833 539 1888 tam
559 1827 610 1903 pia
625 1842 721 1888 eausa
735 1827 846 1888 deeet’

84 1907 174 1970 Ferte
190 1910 267 1971 deae
281 1908 393 1972 flores!
414 1911 529 1988 gaudet
542 1909 722 1973 florentibus
737 1910 841 1972 herbis

127 1993 213 2054 Haec
228 1995 296 2054 dea.
326 1996 365 2055 de
378 2002 484 2056 tenero
501 1994 611 2072 cingite
625 1994 819 2071 floreeaput.

25 2077 181 2139 1111110110
195 2079 251 2138 ‘Tu
267 2077 356 2140 nobis
375 2079 484 2153 lucem,
503 2079 628 2155 Lucina,
649 2079 796 2140 dedistit’

125 2161 225 2223 Dicite
238 2163 294 2223 ‘Tu
308 2169 381 2224 voto
396 2163 590 2239 parturientis
605 2163 717 2224 adest’

88 2244 185 2321 Siqua
198 2253 299 2308 tamen
313 2246 441 2322 gravida
456 2255 512 2322 est,
531 2248 667 2311 resoluto
684 2246 768 2310 crine
784 2253 932 2324 precatur,

127 2329 168 2390 Ut
183 2331 284 2393 solvat
297 2338 404 2406 partus
418 2332 549 2392 molliter
562 2332 614 2392 illa
630 2347 716 2392 suos.

86 2411 161 2486 Quis
175 2414 248 2476 mihi
262 2428 343 2476 nunc
358 2414 454 2487 dicct,
479 2431 574 2491 quare
594 2413 739 2476 eoelestia
753 2413 858 2474 Martis

29 2501 76 2556 100
127 2497 224 2558 Arma
238 2498 337 2580 lerant
351 2497 440 2575 Salii,
461 2498 704 2574 Mamuriumque
719 2503 854 2559 canant?

85 2579 238 2658 Nympha,
258 2597 359 2656 mone,
381 2583 497 2645 nemori
512 2592 685 2660 stagnoque
700 2587 827 2657 operata
840 2579 957 2642 Dianae

125 2664 277 2743 Nympha,
300 2666 415 2728 Numae
431 2666 578 2742 coniunx,
600 2667 641 2727 ad
655 2673 707 2728 tua
721 2668 800 2725 laeta
814 2664 895 2724 veni.

83 2748 186 2809 Vallis
199 2749 342 2811 Aricinae
358 2749 439 2812 silva
452 2751 646 2828 praecinctus
661 2766 760 2826 opaea

127 2831 185 2892 Est
198 2833 292 2908 laeus,
313 2838 439 2910 antiqua
452 2836 601 2911 religione
615 2849 713 2896 sacer.

24 2921 71 2978 105
84 2915 144 2976 Hic
158 2917 231 2977 latet
243 2917 431 2998 Hippolytus
447 2914 532 2980 iuriis
548 2919 686 2994 direptus
701 2933 851 2992 equorum

123 2999 216 3062 Unde
229 2997 337 3064 nemus
353 3001 445 3064 nullis
463 3003 538 3064 illud
551 3002 651 3064 aditur
665 3002 764 3076 equis.

82 3082 173 3144 Lieia
187 3083 370 3160 dependent,
393 3088 502 3162 longas
517 3087 650 3148 velantia
670 3100 791 3160 saepes,
892 3145 901 3164 x

124 3166 167 3227 Et
180 3168 279 3243 posita
292 3177 340 3230 est
354 3169 480 3231 meritae
493 3172 588 3232 multa
600 3169 713 3232 tabella
726 3169 814 3230 deae.

83 3251 193 3325 Saepe
206 3260 315 3326 potens
330 3254 411 3329 voti,
435 3254 565 3315 frontem
578 3253 718 3314 redimita
733 3251 867 3326 coronis,

23 3342 70 3400 110
126 3334 254 3396 Femina
268 3338 406 3400 lucentcs
422 3345 523 3414 portat
537 3338 576 3400 ab
589 3337 672 3398 Urbe
687 3337 783 3397 laces.

84 3422 197 3493 Regna
210 3425 314 3482 tenent
327 3421 423 3482 lortes
438 3422 593 3495 manibus,
616 3420 810 3495 pedibusque
826 3416 962 3492 fugaces,
983 3418 986 3423 '

128 3501 171 3561 Et
185 3505 262 3577 perit
278 3504 420 3581 exemplo
440 3505 606 3581 postmodo
623 3503 754 3579 quisque
769 3515 838 3561 suo.
