2492 3926
210 243 272 306 294
588 237 842 298 rnslotttlll

334 397 368 454 tlt
386 397 493 454 tremat
511 392 542 452 in
558 405 675 450 summa
690 391 759 448 leue
772 403 918 448 cacumen
933 387 1035 448 humo.

289 480 334 539 Tu
348 485 415 538 sata
430 475 582 537 sideribus
597 473 674 533 caeli
687 471 800 532 nutrita
813 471 941 534 secundi

332 562 492 634 erescere,
508 558 580 619 dum
594 557 668 617 dant
682 555 811 616 falcibus
827 563 913 630 apta,
930 555 1023 614 sinas.

229 656 279 712 915
294 646 351 705 Vis
366 652 417 704 tua
432 658 495 704 non
510 641 587 702 levis
602 647 658 700 est.
687 654 767 714 quae
782 644 816 698 tu
830 639 980 698 immeuta
993 639 1119 712 notasti,

335 729 470 788 Maestus
485 726 516 786 in
532 723 654 784 amissis
669 722 721 782 illa
735 722 864 784 colonus
880 721 980 782 habet.

292 812 355 872 Ncc
371 809 451 872 venti
465 815 580 870 tantum
595 806 692 867 cereri
706 821 854 882 nocuere,
869 820 927 866 nec
941 805 1065 877 imbres,

335 895 397 954 Nec
413 893 459 954 sic
473 906 644 952 marmoreo
660 890 753 965 pollet
766 890 876 954 adusta
890 891 973 964 gelu:
1036 959 1037 962 Ἴ

294 980 458 1054 Quantum,
474 977 501 1038 si
518 975 636 1036 culmos
650 974 734 1034 Titan
749 973 902 1034 incalfacit
914 973 1004 1034 udos.

228 1077 279 1131 920
335 1062 418 1123 Tune
432 1063 519 1124 locus
536 1065 583 1119 est
596 1059 674 1132 irae,
691 1057 763 1120 diva
776 1056 925 1129 timenda,
942 1063 1022 1118 tuae.

293 1147 402 1216 Parce,
419 1159 543 1219 precor,
560 1141 748 1217 scabrasque
762 1157 870 1202 manus
885 1157 904 1200 a
918 1141 1077 1202 messibus
1093 1142 1189 1210 aulen,

335 1229 419 1288 Neve
435 1241 511 1286 noce
527 1225 626 1287 cultis.
655 1240 750 1301 posse
764 1239 877 1286 nocere
892 1230 940 1284 sat
954 1231 1011 1283 est.

295 1312 356 1371 Nec
370 1318 490 1371 teneras
507 1316 644 1384 segetes,
660 1310 717 1369 sed
733 1308 840 1370 durum
857 1309 1043 1388 amplectere
1060 1309 1183 1382 terrum,

337 1394 487 1468 Quodque
501 1399 603 1469 potest
618 1393 696 1453 ulios
711 1392 855 1468 perdere,
872 1392 967 1468 perde
981 1391 1078 1467 prior.

227 1489 277 1544 925
293 1477 401 1538 Utilius
416 1476 536 1552 gladios
552 1484 582 1537 et
591 1478 652 1537 tela
665 1476 807 1538 nocentia
822 1491 942 1550 carpes.

333 1560 380 1621 Nil
395 1575 473 1636 opus
488 1565 535 1622 est
550 1560 618 1620 illis.
647 1560 709 1621 otia
723 1559 853 1620 mundus
871 1560 942 1634 agit.

292 1644 419 1705 Sarcula
433 1660 514 1704 nunc
529 1643 686 1720 durusque
700 1642 810 1704 bidens
826 1649 855 1703 ct
869 1658 975 1704 vomer
989 1643 1145 1718 aduncus,

333 1727 424 1788 Ruris
441 1743 533 1803 opes,
548 1728 671 1788 niteant.
700 1725 837 1802 inquinet
852 1741 935 1786 arma
950 1728 1038 1788 situs.

293 1813 489 1887 conatusque
505 1809 614 1886 aliquis
630 1811 740 1886 vagina
755 1810 868 1871 ducere
884 1811 1004 1885 terrum,

228 1903 279 1958 930
334 1895 523 1956 Adstrictum
539 1896 631 1971 longa
647 1895 757 1956 sentiat
771 1909 843 1954 esse
858 1910 953 1956 mora.

291 1982 332 2040 At
345 1987 376 2039 tu
392 1995 431 2039 nc
445 1979 527 2041 viola
542 1979 697 2038 Cererem!
714 1994 898 2054 semperque
915 1979 1045 2041 colonus

332 2063 462 2123 Absenti
478 2062 577 2138 possit
592 2064 713 2123 solvere
729 2069 800 2124 vota
815 2063 890 2122 tibi?
1048 2131 1051 2136 ¹

290 2147 423 2206 Dixerat.
451 2145 593 2206 adextra
610 2146 688 2206 villis
703 2147 834 2206 mantele
849 2148 956 2208 solutis

335 2227 471 2302 Cumque
484 2228 559 2288 meri
575 2236 680 2304 patera
693 2231 768 2291 turis
783 2246 888 2292 acerra
903 2231 967 2292 luit.

226 2313 276 2369 935
291 2314 371 2373 Tura
385 2311 463 2374 iocis
477 2312 642 2388 vinumque
657 2315 755 2386 dedit,
775 2313 931 2390 fibrasque
945 2315 1094 2390 bidentis

331 2396 506 2473 Turpiaque
521 2397 705 2458 obscenae...
720 2398 883 2462 vidimus...
899 2407 971 2460 exta
984 2399 1086 2460 oanis.

288 2481 363 2541 Tum
379 2482 451 2541 mihi
469 2481 542 2541 ‘Cur
557 2482 646 2542 detur
659 2485 755 2543 sacris
771 2499 852 2544 nova
872 2483 1008 2558 victima,
1032 2483 1162 2560 quaeris
1170 2489 1208 2541 tt.

332 2564 556 2638 Quaesieram...
572 2570 710 2627 ‘causam
725 2567 863 2643 percipe’
878 2566 988 2627 flamen
1004 2569 1057 2627 ait.

290 2648 355 2707 ‘Est
370 2648 475 2722 Canis,
491 2647 620 2708 lcarium
635 2650 748 2714 dicunt.
779 2666 840 2726 quo
856 2650 958 2711 sidere
972 2658 1056 2712 moto

225 2738 277 2793 940
333 2730 424 2790 Tasta
439 2730 501 2791 sitit
518 2732 623 2805 tellus,
641 2733 885 2809 praecipiturque
900 2749 1000 2809 seges.

289 2812 346 2872 Pro
363 2828 438 2874 cane
454 2813 576 2875 sidereo
591 2816 676 2877 canis
691 2818 741 2878 hic
755 2818 920 2894 imponitur
933 2833 1015 2890 arae,

329 2896 476 2972 Elquere
492 2905 610 2976 pereat,
628 2901 670 2960 nil
684 2901 743 2961 nisi
759 2917 869 2962 nomen
885 2901 999 2962 babet?

359 3029 489 3093 26.I)F
531 3031 658 3095 alltc
699 3032 1063 3098 eserenon-moa

450 3113 689 3179 tamennon
732 3117 783 3181 30.
805 3119 862 3179 Hc
883 3133 971 3177 nvor

287 3233 361 3294 cum
374 3235 506 3314 Phrygis
522 3237 668 3300 assaraci
682 3238 925 3301 rononraoane
939 3238 1048 3302 rerico

328 3317 457 3382 Sustulit
470 3321 608 3384 inmenso
624 3330 670 3383 ter
684 3324 772 3384 iubar
787 3323 862 3384 orbe
877 3339 975 3397 suum,

216 3409 271 3463 945
286 3399 369 3462 Mille
383 3404 467 3464 venit
480 3404 573 3466 variis
588 3405 698 3468 ssorum
713 3407 772 3467 dea
786 3423 867 3466 nexa
882 3405 1023 3468 coronis·

329 3485 448 3548 Scaena
463 3488 522 3551 ioci
537 3504 653 3549 morem
667 3489 819 3551 liberioris
833 3490 935 3551 habet

1208 3599 1222 3896 l
