<?xml version="1.0" encoding="UTF-8"?>
<!DOCTYPE html PUBLIC "-//W3C//DTD XHTML 1.0 Transitional//EN"
    "http://www.w3.org/TR/xhtml1/DTD/xhtml1-transitional.dtd">
<html xmlns="http://www.w3.org/1999/xhtml" xml:lang="en" lang="en">
 <head>
  <title>
</title>
<meta http-equiv="Content-Type" content="text/html;charset=utf-8" />
  <meta name='ocr-system' content='tesseract 3.04.00' />
  <meta name='ocr-capabilities' content='ocr_page ocr_carea ocr_par ocr_line ocrx_word'/>
</head>
<body>
  <div class='ocr_page' id='page_1' title='image "./povidiusnaso00goog_0053.png"; bbox 0 0 2450 3932; ppageno 0'>
   <div class='ocr_carea' id='block_1_1' title="bbox 178 217 803 286">
    <p class='ocr_par' dir='ltr' id='par_1_1' title="bbox 178 217 803 286">
     <span class='ocr_line' id='line_1_1' title="bbox 178 217 803 286; baseline -0.01 0"><span class='ocrx_word' id='word_1_1' title='bbox 178 222 221 286; x_wconf 76' lang='lat'>42</span> <span class='ocrx_word' id='word_1_2' title='bbox 578 217 803 282; x_wconf 84' lang='lat' dir='ltr'><strong>TRISTIUM</strong></span> 
     </span>
    </p>
   </div>
   <div class='ocr_carea' id='block_1_2' title="bbox 150 372 1124 3218">
    <p class='ocr_par' dir='ltr' id='par_1_2' title="bbox 150 372 1124 3218">
     <span class='ocr_line' id='line_1_2' title="bbox 264 372 1029 450; baseline -0.001 -15"><span class='ocrx_word' id='word_1_3' title='bbox 264 375 403 449; x_wconf 86' lang='lat' dir='ltr'><strong>Aspicis,</strong></span> <span class='ocrx_word' id='word_1_4' title='bbox 417 380 451 435; x_wconf 95' lang='lat' dir='ltr'>ut</span> <span class='ocrx_word' id='word_1_5' title='bbox 465 387 582 434; x_wconf 88' lang='lat' dir='ltr'>summa</span> <span class='ocrx_word' id='word_1_6' title='bbox 597 379 703 431; x_wconf 82' lang='lat' dir='ltr'>cortex</span> <span class='ocrx_word' id='word_1_7' title='bbox 716 372 793 432; x_wconf 90' lang='lat' dir='ltr'>levis</span> <span class='ocrx_word' id='word_1_8' title='bbox 806 372 921 433; x_wconf 87' lang='lat' dir='ltr'>innatet</span> <span class='ocrx_word' id='word_1_9' title='bbox 935 373 1029 450; x_wconf 88' lang='lat' dir='ltr'>unda,</span> 
     </span>
     <span class='ocr_line' id='line_1_3' title="bbox 305 456 1011 533; baseline -0.003 -15"><span class='ocrx_word' id='word_1_10' title='bbox 305 458 378 519; x_wconf 88' lang='lat' dir='ltr'>Cum</span> <span class='ocrx_word' id='word_1_11' title='bbox 392 472 486 533; x_wconf 79' lang='lat' dir='ltr'>grave</span> <span class='ocrx_word' id='word_1_12' title='bbox 500 472 581 516; x_wconf 88' lang='lat' dir='ltr'>nexa</span> <span class='ocrx_word' id='word_1_13' title='bbox 595 457 685 516; x_wconf 88' lang='lat' dir='ltr'>simul</span> <span class='ocrx_word' id='word_1_14' title='bbox 699 456 775 516; x_wconf 90' lang='lat' dir='ltr'>retia</span> <span class='ocrx_word' id='word_1_15' title='bbox 788 465 906 532; x_wconf 79' lang='lat' dir='ltr'>mergat</span> <span class='ocrx_word' id='word_1_16' title='bbox 921 474 1011 519; x_wconf 92' lang='lat' dir='ltr'>onus.</span> 
     </span>
     <span class='ocr_line' id='line_1_4' title="bbox 259 539 1096 617; baseline 0.001 -15"><span class='ocrx_word' id='word_1_17' title='bbox 259 541 343 602; x_wconf 89' lang='lat' dir='ltr'>Ilaec</span> <span class='ocrx_word' id='word_1_18' title='bbox 357 557 416 617; x_wconf 81' lang='lat' dir='ltr'>ego</span> <span class='ocrx_word' id='word_1_19' title='bbox 434 542 460 601; x_wconf 92' lang='lat' dir='ltr'><strong>si</strong></span> <span class='ocrx_word' id='word_1_20' title='bbox 474 539 604 601; x_wconf 91' lang='lat' dir='ltr'>monitor</span> <span class='ocrx_word' id='word_1_21' title='bbox 618 539 750 600; x_wconf 91' lang='lat' dir='ltr'>monitus</span> <span class='ocrx_word' id='word_1_22' title='bbox 765 541 851 614; x_wconf 90' lang='lat' dir='ltr'>prius</span> <span class='ocrx_word' id='word_1_23' title='bbox 865 541 935 616; x_wconf 87' lang='lat' dir='ltr'>ipse</span> <span class='ocrx_word' id='word_1_24' title='bbox 950 542 1096 616; x_wconf 78' lang='lat' dir='ltr'>fuissem,</span> 
     </span>
     <span class='ocr_line' id='line_1_5' title="bbox 299 624 932 701; baseline -0.002 -15"><span class='ocrx_word' id='word_1_25' title='bbox 299 627 332 686; x_wconf 92' lang='lat' dir='ltr'>ln</span> <span class='ocrx_word' id='word_1_26' title='bbox 348 641 409 701; x_wconf 89' lang='lat' dir='ltr'>qua</span> <span class='ocrx_word' id='word_1_27' title='bbox 424 624 573 685; x_wconf 82' lang='lat' dir='ltr'>debebam</span> <span class='ocrx_word' id='word_1_28' title='bbox 586 625 714 686; x_wconf 78' lang='lat' dir='ltr'>forsitan</span> <span class='ocrx_word' id='word_1_29' title='bbox 728 624 811 684; x_wconf 90' lang='lat' dir='ltr'>Urbe</span> <span class='ocrx_word' id='word_1_30' title='bbox 825 624 932 685; x_wconf 86' lang='lat' dir='ltr'>iorem.</span> 
     </span>
     <span class='ocr_line' id='line_1_6' title="bbox 214 708 1014 784; baseline -0.003 -12"><span class='ocrx_word' id='word_1_31' title='bbox 214 721 246 772; x_wconf 81' lang='lat'>15</span> <span class='ocrx_word' id='word_1_32' title='bbox 261 711 339 771; x_wconf 87' lang='lat' dir='ltr'>Dum</span> <span class='ocrx_word' id='word_1_33' title='bbox 354 716 454 770; x_wconf 91' lang='lat' dir='ltr'>tecum</span> <span class='ocrx_word' id='word_1_34' title='bbox 467 708 540 782; x_wconf 88' lang='lat' dir='ltr'>vixi,</span> <span class='ocrx_word' id='word_1_35' title='bbox 556 708 627 768; x_wconf 89' lang='lat' dir='ltr'>dum</span> <span class='ocrx_word' id='word_1_36' title='bbox 643 722 691 766; x_wconf 92' lang='lat' dir='ltr'>me</span> <span class='ocrx_word' id='word_1_37' title='bbox 706 708 783 768; x_wconf 90' lang='lat' dir='ltr'>levis</span> <span class='ocrx_word' id='word_1_38' title='bbox 798 723 874 768; x_wconf 90' lang='lat' dir='ltr'>aura</span> <span class='ocrx_word' id='word_1_39' title='bbox 888 710 1014 784; x_wconf 82' lang='lat' dir='ltr'>terebat,</span> 
     </span>
     <span class='ocr_line' id='line_1_7' title="bbox 296 791 1091 870; baseline 0.01 -18"><span class='ocrx_word' id='word_1_40' title='bbox 296 794 380 853; x_wconf 84' lang='lat' dir='ltr'>llaec</span> <span class='ocrx_word' id='word_1_41' title='bbox 395 809 463 852; x_wconf 79' lang='lat' dir='ltr'>ntea</span> <span class='ocrx_word' id='word_1_42' title='bbox 477 807 533 867; x_wconf 92' lang='lat' dir='ltr'>per</span> <span class='ocrx_word' id='word_1_43' title='bbox 547 791 685 867; x_wconf 87' lang='lat' dir='ltr'>placidas</span> <span class='ocrx_word' id='word_1_44' title='bbox 700 791 810 851; x_wconf 88' lang='lat' dir='ltr'>cumba</span> <span class='ocrx_word' id='word_1_45' title='bbox 825 794 959 855; x_wconf 79' lang='lat' dir='ltr'><strong>cucurrit</strong></span> <span class='ocrx_word' id='word_1_46' title='bbox 973 811 1091 870; x_wconf 85' lang='lat' dir='ltr'>aquas.</span> 
     </span>
     <span class='ocr_line' id='line_1_8' title="bbox 264 874 1124 953; baseline 0.003 -15"><span class='ocrx_word' id='word_1_47' title='bbox 264 878 320 952; x_wconf 80' lang='lat' dir='ltr'>Qui</span> <span class='ocrx_word' id='word_1_48' title='bbox 336 877 417 938; x_wconf 87' lang='lat' dir='ltr'>cadit</span> <span class='ocrx_word' id='word_1_49' title='bbox 430 877 459 936; x_wconf 92' lang='lat' dir='ltr'>in</span> <span class='ocrx_word' id='word_1_50' title='bbox 475 876 598 952; x_wconf 70' lang='lat' dir='ltr'>planu..</span> <span class='ocrx_word' id='word_1_51' title='bbox 610 876 662 935; x_wconf 92' lang='lat' dir='ltr'>vix</span> <span class='ocrx_word' id='word_1_52' title='bbox 675 874 736 936; x_wconf 91' lang='lat' dir='ltr'>hoc</span> <span class='ocrx_word' id='word_1_53' title='bbox 750 882 850 937; x_wconf 87' lang='lat' dir='ltr'>tamen</span> <span class='ocrx_word' id='word_1_54' title='bbox 866 877 1124 953; x_wconf 53' lang='lat' dir='ltr'>evenitipsum..1</span> 
     </span>
     <span class='ocr_line' id='line_1_9' title="bbox 304 959 975 1034; baseline -0.004 -13"><span class='ocrx_word' id='word_1_55' title='bbox 304 961 356 1022; x_wconf 91' lang='lat' dir='ltr'>Sic</span> <span class='ocrx_word' id='word_1_56' title='bbox 372 960 461 1034; x_wconf 89' lang='lat' dir='ltr'>cadit,</span> <span class='ocrx_word' id='word_1_57' title='bbox 476 966 510 1020; x_wconf 95' lang='lat' dir='ltr'>ut</span> <span class='ocrx_word' id='word_1_58' title='bbox 522 967 602 1020; x_wconf 87' lang='lat' dir='ltr'>tacta</span> <span class='ocrx_word' id='word_1_59' title='bbox 617 974 743 1034; x_wconf 76' lang='lat' dir='ltr'>surgere</span> <span class='ocrx_word' id='word_1_60' title='bbox 759 959 859 1034; x_wconf 91' lang='lat' dir='ltr'>possit</span> <span class='ocrx_word' id='word_1_61' title='bbox 872 959 975 1022; x_wconf 91' lang='lat' dir='ltr'>humo.</span> 
     </span>
     <span class='ocr_line' id='line_1_10' title="bbox 150 1042 944 1118; baseline 0.001 -14"><span class='ocrx_word' id='word_1_62' title='bbox 150 1045 154 1064; x_wconf 84' lang='lat'>&#39;</span> <span class='ocrx_word' id='word_1_63' title='bbox 263 1047 303 1104; x_wconf 85' lang='lat' dir='ltr'>At</span> <span class='ocrx_word' id='word_1_64' title='bbox 316 1044 409 1104; x_wconf 89' lang='lat' dir='ltr'>miser</span> <span class='ocrx_word' id='word_1_65' title='bbox 422 1043 557 1118; x_wconf 83' lang='lat' dir='ltr'>Elpenor</span> <span class='ocrx_word' id='word_1_66' title='bbox 571 1050 651 1104; x_wconf 90' lang='lat' dir='ltr'>tecto</span> <span class='ocrx_word' id='word_1_67' title='bbox 667 1042 814 1116; x_wconf 88' lang='lat' dir='ltr'>delapsus</span> <span class='ocrx_word' id='word_1_68' title='bbox 830 1043 868 1103; x_wconf 86' lang='lat' dir='ltr'>ab</span> <span class='ocrx_word' id='word_1_69' title='bbox 883 1046 944 1105; x_wconf 86' lang='lat' dir='ltr'>alto</span> 
     </span>
     <span class='ocr_line' id='line_1_11' title="bbox 211 1126 848 1200; baseline -0.009 -10"><span class='ocrx_word' id='word_1_70' title='bbox 211 1139 248 1190; x_wconf 69' lang='grc' dir='ltr'>ιο</span> <span class='ocrx_word' id='word_1_71' title='bbox 303 1126 441 1187; x_wconf 83' lang='lat' dir='ltr'>Occurrit</span> <span class='ocrx_word' id='word_1_72' title='bbox 454 1127 519 1200; x_wconf 83' lang='lat' dir='ltr'>regi</span> <span class='ocrx_word' id='word_1_73' title='bbox 534 1126 643 1186; x_wconf 90' lang='lat' dir='ltr'>debilis</span> <span class='ocrx_word' id='word_1_74' title='bbox 657 1126 766 1186; x_wconf 88' lang='lat' dir='ltr'>umbra</span> <span class='ocrx_word' id='word_1_75' title='bbox 780 1143 848 1188; x_wconf 90' lang='lat' dir='ltr'>sue.</span> 
     </span>
     <span class='ocr_line' id='line_1_12' title="bbox 263 1208 965 1285; baseline 0.004 -16"><span class='ocrx_word' id='word_1_76' title='bbox 263 1209 339 1284; x_wconf 85' lang='lat' dir='ltr'><strong>Quid</strong></span> <span class='ocrx_word' id='word_1_77' title='bbox 354 1208 417 1284; x_wconf 73' lang='lat' dir='ltr'>luit,</span> <span class='ocrx_word' id='word_1_78' title='bbox 432 1215 468 1269; x_wconf 93' lang='lat' dir='ltr'>ut</span> <span class='ocrx_word' id='word_1_79' title='bbox 481 1215 561 1270; x_wconf 90' lang='lat' dir='ltr'>tutas</span> <span class='ocrx_word' id='word_1_80' title='bbox 576 1209 704 1285; x_wconf 82' lang='lat' dir='ltr'>agitaret</span> <span class='ocrx_word' id='word_1_81' title='bbox 717 1210 874 1272; x_wconf 77' lang='lat' dir='ltr'>Daedalus</span> <span class='ocrx_word' id='word_1_82' title='bbox 889 1213 965 1284; x_wconf 86' lang='lat' dir='ltr'>alas,</span> 
     </span>
     <span class='ocr_line' id='line_1_13' title="bbox 301 1293 964 1369; baseline 0.002 -16"><span class='ocrx_word' id='word_1_83' title='bbox 301 1294 405 1354; x_wconf 87' lang='lat' dir='ltr'>Icarus</span> <span class='ocrx_word' id='word_1_84' title='bbox 421 1293 576 1354; x_wconf 87' lang='lat' dir='ltr'>inmensas</span> <span class='ocrx_word' id='word_1_85' title='bbox 590 1294 713 1355; x_wconf 90' lang='lat' dir='ltr'>nomine</span> <span class='ocrx_word' id='word_1_86' title='bbox 728 1295 828 1368; x_wconf 80' lang='lat' dir='ltr'>signet</span> <span class='ocrx_word' id='word_1_87' title='bbox 844 1302 964 1369; x_wconf 75' lang='lat' dir='ltr'>aquas?</span> 
     </span>
     <span class='ocr_line' id='line_1_14' title="bbox 261 1377 1017 1453; baseline 0.001 -17"><span class='ocrx_word' id='word_1_88' title='bbox 261 1377 377 1450; x_wconf 86' lang='lat' dir='ltr'>Nempe</span> <span class='ocrx_word' id='word_1_89' title='bbox 391 1379 473 1453; x_wconf 90' lang='lat' dir='ltr'>qaod</span> <span class='ocrx_word' id='word_1_90' title='bbox 489 1378 621 1453; x_wconf 77' lang='lat' dir='ltr'>inculte,</span> <span class='ocrx_word' id='word_1_91' title='bbox 638 1377 802 1438; x_wconf 84' lang='lat' dir='ltr'><strong>demissius</strong></span> <span class='ocrx_word' id='word_1_92' title='bbox 817 1379 868 1439; x_wconf 92' lang='lat' dir='ltr'>ille</span> <span class='ocrx_word' id='word_1_93' title='bbox 884 1380 1017 1440; x_wconf 86' lang='lat' dir='ltr'>volabat.</span> 
     </span>
     <span class='ocr_line' id='line_1_15' title="bbox 299 1461 937 1536; baseline 0 -16"><span class='ocrx_word' id='word_1_94' title='bbox 299 1461 374 1520; x_wconf 89' lang='lat' dir='ltr'>Nam</span> <span class='ocrx_word' id='word_1_95' title='bbox 389 1476 507 1536; x_wconf 88' lang='lat' dir='ltr'>pennas</span> <span class='ocrx_word' id='word_1_96' title='bbox 522 1461 613 1522; x_wconf 86' lang='lat' dir='ltr'>ambo</span> <span class='ocrx_word' id='word_1_97' title='bbox 627 1479 688 1522; x_wconf 92' lang='lat' dir='ltr'>non</span> <span class='ocrx_word' id='word_1_98' title='bbox 703 1462 839 1522; x_wconf 82' lang='lat' dir='ltr'>habuere</span> <span class='ocrx_word' id='word_1_99' title='bbox 853 1477 937 1523; x_wconf 88' lang='lat' dir='ltr'>suas.</span> 
     </span>
     <span class='ocr_line' id='line_1_16' title="bbox 210 1543 1041 1621; baseline 0.002 -15"><span class='ocrx_word' id='word_1_100' title='bbox 210 1553 244 1606; x_wconf 77' lang='lat'>25</span> <span class='ocrx_word' id='word_1_101' title='bbox 261 1545 356 1604; x_wconf 84' lang='lat' dir='ltr'>Crede</span> <span class='ocrx_word' id='word_1_102' title='bbox 370 1543 451 1621; x_wconf 91' lang='lat' dir='ltr'>mihi,</span> <span class='ocrx_word' id='word_1_103' title='bbox 467 1545 545 1606; x_wconf 89' lang='lat' dir='ltr'>bene</span> <span class='ocrx_word' id='word_1_104' title='bbox 560 1545 611 1620; x_wconf 90' lang='lat' dir='ltr'>qui</span> <span class='ocrx_word' id='word_1_105' title='bbox 625 1546 711 1606; x_wconf 88' lang='lat' dir='ltr'>latuit</span> <span class='ocrx_word' id='word_1_106' title='bbox 724 1545 803 1606; x_wconf 90' lang='lat' dir='ltr'>bene</span> <span class='ocrx_word' id='word_1_107' title='bbox 817 1545 901 1621; x_wconf 86' lang='lat' dir='ltr'>vixit,</span> <span class='ocrx_word' id='word_1_108' title='bbox 917 1553 948 1607; x_wconf 90' lang='lat' dir='ltr'>et</span> <span class='ocrx_word' id='word_1_109' title='bbox 961 1547 1041 1608; x_wconf 91' lang='lat' dir='ltr'>iutra</span> 
     </span>
     <span class='ocr_line' id='line_1_17' title="bbox 299 1627 968 1704; baseline 0.003 -16"><span class='ocrx_word' id='word_1_110' title='bbox 299 1627 464 1689; x_wconf 77' lang='lat' dir='ltr'><strong>Fortunam</strong></span> <span class='ocrx_word' id='word_1_111' title='bbox 480 1629 571 1690; x_wconf 88' lang='lat' dir='ltr'>debet</span> <span class='ocrx_word' id='word_1_112' title='bbox 585 1629 717 1704; x_wconf 87' lang='lat' dir='ltr'>quisque</span> <span class='ocrx_word' id='word_1_113' title='bbox 732 1645 855 1690; x_wconf 88' lang='lat' dir='ltr'>manere</span> <span class='ocrx_word' id='word_1_114' title='bbox 870 1645 968 1690; x_wconf 82' lang='lat' dir='ltr'>suam.</span> 
     </span>
     <span class='ocr_line' id='line_1_18' title="bbox 260 1712 923 1788; baseline 0.006 -18"><span class='ocrx_word' id='word_1_115' title='bbox 260 1712 326 1773; x_wconf 93' lang='lat' dir='ltr'>Non</span> <span class='ocrx_word' id='word_1_116' title='bbox 342 1712 419 1774; x_wconf 88' lang='lat' dir='ltr'>lorct</span> <span class='ocrx_word' id='word_1_117' title='bbox 432 1713 584 1774; x_wconf 82' lang='lat' dir='ltr'>Eumedes</span> <span class='ocrx_word' id='word_1_118' title='bbox 600 1713 702 1788; x_wconf 90' lang='lat' dir='ltr'>orbus,</span> <span class='ocrx_word' id='word_1_119' title='bbox 718 1714 745 1772; x_wconf 92' lang='lat' dir='ltr'>si</span> <span class='ocrx_word' id='word_1_120' title='bbox 760 1713 840 1774; x_wconf 84' lang='lat' dir='ltr'>filius</span> <span class='ocrx_word' id='word_1_121' title='bbox 856 1715 923 1775; x_wconf 91' lang='lat' dir='ltr'>eius</span> 
     </span>
     <span class='ocr_line' id='line_1_19' title="bbox 303 1795 993 1874; baseline -0.003 -18"><span class='ocrx_word' id='word_1_122' title='bbox 303 1795 418 1857; x_wconf 90' lang='lat' dir='ltr'><strong>Stultus</strong></span> <span class='ocrx_word' id='word_1_123' title='bbox 433 1796 589 1858; x_wconf 88' lang='lat' dir='ltr'>Achilleos</span> <span class='ocrx_word' id='word_1_124' title='bbox 605 1813 666 1857; x_wconf 93' lang='lat' dir='ltr'>non</span> <span class='ocrx_word' id='word_1_125' title='bbox 681 1798 856 1858; x_wconf 86' lang='lat' dir='ltr'>adamasset</span> <span class='ocrx_word' id='word_1_126' title='bbox 870 1815 993 1874; x_wconf 54' lang='lat' dir='ltr'>equos:</span> 
     </span>
     <span class='ocr_line' id='line_1_20' title="bbox 260 1881 1059 1960; baseline 0.009 -22"><span class='ocrx_word' id='word_1_127' title='bbox 260 1881 322 1940; x_wconf 89' lang='lat' dir='ltr'>Nec</span> <span class='ocrx_word' id='word_1_128' title='bbox 338 1890 439 1941; x_wconf 86' lang='lat' dir='ltr'>natum</span> <span class='ocrx_word' id='word_1_129' title='bbox 453 1882 484 1941; x_wconf 93' lang='lat' dir='ltr'>in</span> <span class='ocrx_word' id='word_1_130' title='bbox 499 1881 622 1942; x_wconf 85' lang='lat' dir='ltr'>damma</span> <span class='ocrx_word' id='word_1_131' title='bbox 635 1881 772 1957; x_wconf 89' lang='lat' dir='ltr'>vidisset,</span> <span class='ocrx_word' id='word_1_132' title='bbox 787 1883 818 1942; x_wconf 94' lang='lat' dir='ltr'>in</span> <span class='ocrx_word' id='word_1_133' title='bbox 834 1882 945 1944; x_wconf 91' lang='lat' dir='ltr'>arbore</span> <span class='ocrx_word' id='word_1_134' title='bbox 958 1890 1059 1960; x_wconf 86' lang='lat' dir='ltr'>nutus,</span> 
     </span>
     <span class='ocr_line' id='line_1_21' title="bbox 210 1963 975 2043; baseline 0.001 -18"><span class='ocrx_word' id='word_1_135' title='bbox 210 1973 245 2026; x_wconf 82' lang='lat'>30</span> <span class='ocrx_word' id='word_1_136' title='bbox 300 1963 440 2040; x_wconf 84' lang='lat' dir='ltr'>Cepisset</span> <span class='ocrx_word' id='word_1_137' title='bbox 453 1965 573 2038; x_wconf 76' lang='lat' dir='ltr'>genitor</span> <span class='ocrx_word' id='word_1_138' title='bbox 587 1965 613 2025; x_wconf 93' lang='lat' dir='ltr'>si</span> <span class='ocrx_word' id='word_1_139' title='bbox 628 1964 823 2040; x_wconf 73' lang='lat' dir='ltr'>Phaethonta,</span> <span class='ocrx_word' id='word_1_140' title='bbox 838 1966 975 2043; x_wconf 89' lang='lat' dir='ltr'>Merops.</span> 
     </span>
     <span class='ocr_line' id='line_1_22' title="bbox 259 2048 1027 2128; baseline 0.009 -22"><span class='ocrx_word' id='word_1_141' title='bbox 259 2049 304 2107; x_wconf 88' lang='grc' dir='ltr'>Τιι</span> <span class='ocrx_word' id='word_1_142' title='bbox 319 2063 444 2122; x_wconf 86' lang='lat' dir='ltr'>quoque</span> <span class='ocrx_word' id='word_1_143' title='bbox 459 2049 588 2108; x_wconf 89' lang='lat' dir='ltr'>lormida</span> <span class='ocrx_word' id='word_1_144' title='bbox 602 2048 726 2109; x_wconf 91' lang='lat' dir='ltr'>nimium</span> <span class='ocrx_word' id='word_1_145' title='bbox 740 2050 880 2112; x_wconf 88' lang='lat' dir='ltr'>sublimia</span> <span class='ocrx_word' id='word_1_146' title='bbox 895 2067 1027 2128; x_wconf 85' lang='lat' dir='ltr'>semper,</span> 
     </span>
     <span class='ocr_line' id='line_1_23' title="bbox 300 2128 972 2207; baseline 0.01 -20"><span class='ocrx_word' id='word_1_147' title='bbox 300 2128 523 2206; x_wconf 89' lang='lat' dir='ltr'>Propositique‚</span> <span class='ocrx_word' id='word_1_148' title='bbox 541 2147 661 2207; x_wconf 87' lang='lat' dir='ltr'>precor,</span> <span class='ocrx_word' id='word_1_149' title='bbox 677 2134 822 2195; x_wconf 89' lang='lat' dir='ltr'>contrahe</span> <span class='ocrx_word' id='word_1_150' title='bbox 836 2135 972 2197; x_wconf 82' lang='lat' dir='ltr'>relatui.</span> 
     </span>
     <span class='ocr_line' id='line_1_24' title="bbox 260 2213 1017 2293; baseline 0.013 -22"><span class='ocrx_word' id='word_1_151' title='bbox 260 2213 332 2272; x_wconf 87' lang='lat' dir='ltr'>Num</span> <span class='ocrx_word' id='word_1_152' title='bbox 349 2214 428 2287; x_wconf 89' lang='lat' dir='ltr'>pede</span> <span class='ocrx_word' id='word_1_153' title='bbox 442 2214 594 2277; x_wconf 82' lang='lat' dir='ltr'>inoffenso</span> <span class='ocrx_word' id='word_1_154' title='bbox 611 2218 743 2293; x_wconf 86' lang='lat' dir='ltr'>spatium</span> <span class='ocrx_word' id='word_1_155' title='bbox 757 2218 921 2279; x_wconf 87' lang='lat' dir='ltr'>decurrere</span> <span class='ocrx_word' id='word_1_156' title='bbox 935 2221 1017 2281; x_wconf 87' lang='lat' dir='ltr'>vitae</span> 
     </span>
     <span class='ocr_line' id='line_1_25' title="bbox 299 2296 927 2372; baseline 0.01 -16"><span class='ocrx_word' id='word_1_157' title='bbox 299 2296 415 2372; x_wconf 82' lang='lat' dir='ltr'><strong>Dignus</strong></span> <span class='ocrx_word' id='word_1_158' title='bbox 431 2313 465 2358; x_wconf 90' lang='lat' dir='ltr'>es</span> <span class='ocrx_word' id='word_1_159' title='bbox 480 2305 510 2359; x_wconf 91' lang='lat' dir='ltr'>et</span> <span class='ocrx_word' id='word_1_160' title='bbox 525 2301 587 2360; x_wconf 86' lang='lat' dir='ltr'>lato</span> <span class='ocrx_word' id='word_1_161' title='bbox 602 2302 779 2362; x_wconf 81' lang='lat' dir='ltr'>candidiore</span> <span class='ocrx_word' id='word_1_162' title='bbox 794 2303 863 2364; x_wconf 83' lang='lat' dir='ltr'>frui.</span> <span class='ocrx_word' id='word_1_163' title='bbox 925 2319 927 2326; x_wconf 63' lang='lat'><strong><em>¹</em></strong></span> 
     </span>
     <span class='ocr_line' id='line_1_26' title="bbox 208 2380 1002 2462; baseline 0.006 -19"><span class='ocrx_word' id='word_1_164' title='bbox 208 2389 242 2443; x_wconf 77' lang='lat'>35</span> <span class='ocrx_word' id='word_1_165' title='bbox 259 2380 342 2455; x_wconf 84' lang='lat' dir='ltr'>Quae</span> <span class='ocrx_word' id='word_1_166' title='bbox 357 2396 412 2456; x_wconf 94' lang='lat' dir='ltr'>pro</span> <span class='ocrx_word' id='word_1_167' title='bbox 428 2389 457 2442; x_wconf 90' lang='lat' dir='ltr'>te</span> <span class='ocrx_word' id='word_1_168' title='bbox 472 2390 505 2445; x_wconf 91' lang='lat' dir='ltr'>ut</span> <span class='ocrx_word' id='word_1_169' title='bbox 517 2399 657 2460; x_wconf 87' lang='lat' dir='ltr'>voveam,</span> <span class='ocrx_word' id='word_1_170' title='bbox 672 2385 735 2446; x_wconf 91' lang='lat' dir='ltr'>miti</span> <span class='ocrx_word' id='word_1_171' title='bbox 750 2387 862 2462; x_wconf 88' lang='lat' dir='ltr'>pietate</span> <span class='ocrx_word' id='word_1_172' title='bbox 875 2388 1002 2448; x_wconf 90' lang='lat' dir='ltr'>mereris</span> 
     </span>
     <span class='ocr_line' id='line_1_27' title="bbox 298 2465 954 2544; baseline 0.006 -18"><span class='ocrx_word' id='word_1_173' title='bbox 298 2465 499 2543; x_wconf 90' lang='lat' dir='ltr'>Haesuraque</span> <span class='ocrx_word' id='word_1_174' title='bbox 514 2468 575 2530; x_wconf 84' lang='lat' dir='ltr'>lide</span> <span class='ocrx_word' id='word_1_175' title='bbox 590 2475 710 2544; x_wconf 90' lang='lat' dir='ltr'>tempus</span> <span class='ocrx_word' id='word_1_176' title='bbox 724 2470 754 2529; x_wconf 94' lang='lat' dir='ltr'>in</span> <span class='ocrx_word' id='word_1_177' title='bbox 771 2486 860 2530; x_wconf 91' lang='lat' dir='ltr'>omne</span> <span class='ocrx_word' id='word_1_178' title='bbox 873 2471 954 2532; x_wconf 86' lang='lat' dir='ltr'>milri.</span> 
     </span>
     <span class='ocr_line' id='line_1_28' title="bbox 257 2549 959 2631; baseline 0.01 -21"><span class='ocrx_word' id='word_1_179' title='bbox 257 2549 329 2610; x_wconf 81' lang='lat' dir='ltr'>Vidi</span> <span class='ocrx_word' id='word_1_180' title='bbox 344 2565 400 2626; x_wconf 82' lang='lat' dir='ltr'>ego</span> <span class='ocrx_word' id='word_1_181' title='bbox 416 2558 446 2612; x_wconf 90' lang='lat' dir='ltr'>te</span> <span class='ocrx_word' id='word_1_182' title='bbox 459 2553 511 2613; x_wconf 93' lang='lat' dir='ltr'>tali</span> <span class='ocrx_word' id='word_1_183' title='bbox 525 2555 609 2614; x_wconf 91' lang='lat' dir='ltr'>vultu</span> <span class='ocrx_word' id='word_1_184' title='bbox 624 2569 691 2612; x_wconf 89' lang='lat' dir='ltr'>mea</span> <span class='ocrx_word' id='word_1_185' title='bbox 706 2555 766 2614; x_wconf 87' lang='lat' dir='ltr'>lata</span> <span class='ocrx_word' id='word_1_186' title='bbox 780 2564 959 2631; x_wconf 81' lang='lat' dir='ltr'>gementem,</span> 
     </span>
     <span class='ocr_line' id='line_1_29' title="bbox 299 2633 916 2707; baseline 0.008 -14"><span class='ocrx_word' id='word_1_187' title='bbox 299 2633 423 2707; x_wconf 82' lang='lat' dir='ltr'>Qualem</span> <span class='ocrx_word' id='word_1_188' title='bbox 438 2636 583 2696; x_wconf 89' lang='lat' dir='ltr'>credibile</span> <span class='ocrx_word' id='word_1_189' title='bbox 597 2643 645 2697; x_wconf 91' lang='lat' dir='ltr'>est</span> <span class='ocrx_word' id='word_1_190' title='bbox 659 2653 712 2696; x_wconf 90' lang='lat' dir='ltr'>ore</span> <span class='ocrx_word' id='word_1_191' title='bbox 726 2639 822 2698; x_wconf 90' lang='lat' dir='ltr'>luisse</span> <span class='ocrx_word' id='word_1_192' title='bbox 837 2654 916 2700; x_wconf 90' lang='lat' dir='ltr'>meo.</span> 
     </span>
     <span class='ocr_line' id='line_1_30' title="bbox 256 2716 1030 2798; baseline 0.01 -24"><span class='ocrx_word' id='word_1_193' title='bbox 256 2716 367 2778; x_wconf 89' lang='lat' dir='ltr'>Nostra</span> <span class='ocrx_word' id='word_1_194' title='bbox 381 2723 449 2776; x_wconf 88' lang='lat' dir='ltr'>tuas</span> <span class='ocrx_word' id='word_1_195' title='bbox 465 2718 526 2776; x_wconf 91' lang='lat' dir='ltr'>vidi</span> <span class='ocrx_word' id='word_1_196' title='bbox 541 2720 681 2780; x_wconf 86' lang='lat' dir='ltr'>lacrimas</span> <span class='ocrx_word' id='word_1_197' title='bbox 697 2737 791 2797; x_wconf 90' lang='lat' dir='ltr'>super</span> <span class='ocrx_word' id='word_1_198' title='bbox 806 2737 861 2782; x_wconf 90' lang='lat' dir='ltr'>era</span> <span class='ocrx_word' id='word_1_199' title='bbox 875 2723 1030 2798; x_wconf 88' lang='lat' dir='ltr'>cudentes,</span> 
     </span>
     <span class='ocr_line' id='line_1_31' title="bbox 207 2798 951 2881; baseline 0.012 -25"><span class='ocrx_word' id='word_1_200' title='bbox 207 2803 243 2856; x_wconf 81' lang='lat' dir='ltr'>lo</span> <span class='ocrx_word' id='word_1_201' title='bbox 296 2798 446 2875; x_wconf 89' lang='lat' dir='ltr'>Tempore</span> <span class='ocrx_word' id='word_1_202' title='bbox 462 2817 540 2876; x_wconf 88' lang='lat' dir='ltr'>quas</span> <span class='ocrx_word' id='word_1_203' title='bbox 555 2819 616 2864; x_wconf 90' lang='lat' dir='ltr'>uno</span> <span class='ocrx_word' id='word_1_204' title='bbox 631 2805 756 2881; x_wconf 87' lang='lat' dir='ltr'>fidaque</span> <span class='ocrx_word' id='word_1_205' title='bbox 769 2806 865 2866; x_wconf 87' lang='lat' dir='ltr'>verba</span> <span class='ocrx_word' id='word_1_206' title='bbox 878 2805 951 2868; x_wconf 90' lang='lat' dir='ltr'>bibi.</span> 
     </span>
     <span class='ocr_line' id='line_1_32' title="bbox 255 2884 1113 2970; baseline 0.015 -28"><span class='ocrx_word' id='word_1_207' title='bbox 255 2884 342 2944; x_wconf 87' lang='lat' dir='ltr'>Nunc</span> <span class='ocrx_word' id='word_1_208' title='bbox 357 2899 481 2960; x_wconf 92' lang='lat' dir='ltr'>quoquc</span> <span class='ocrx_word' id='word_1_209' title='bbox 496 2895 678 2949; x_wconf 90' lang='lat' dir='ltr'>summotum</span> <span class='ocrx_word' id='word_1_210' title='bbox 692 2889 793 2950; x_wconf 88' lang='lat' dir='ltr'>studio</span> <span class='ocrx_word' id='word_1_211' title='bbox 809 2890 949 2951; x_wconf 89' lang='lat' dir='ltr'>delendis</span> <span class='ocrx_word' id='word_1_212' title='bbox 965 2891 1113 2970; x_wconf 82' lang='lat' dir='ltr'>amicum,</span> 
     </span>
     <span class='ocr_line' id='line_1_33' title="bbox 295 2967 925 3048; baseline 0.014 -23"><span class='ocrx_word' id='word_1_213' title='bbox 295 2967 332 3026; x_wconf 86' lang='grc' dir='ltr'>Ει</span> <span class='ocrx_word' id='word_1_214' title='bbox 346 2969 425 3028; x_wconf 87' lang='lat' dir='ltr'>mala</span> <span class='ocrx_word' id='word_1_215' title='bbox 439 2971 492 3029; x_wconf 83' lang='lat' dir='ltr'>rix</span> <span class='ocrx_word' id='word_1_216' title='bbox 507 2969 568 3032; x_wconf 88' lang='lat' dir='ltr'>ulla</span> <span class='ocrx_word' id='word_1_217' title='bbox 583 2979 670 3048; x_wconf 86' lang='lat' dir='ltr'>parte</span> <span class='ocrx_word' id='word_1_218' title='bbox 684 2975 816 3034; x_wconf 89' lang='lat' dir='ltr'>levanda</span> <span class='ocrx_word' id='word_1_219' title='bbox 828 2975 925 3034; x_wconf 86' lang='lat' dir='ltr'>levas.</span> 
     </span>
     <span class='ocr_line' id='line_1_34' title="bbox 256 3052 1018 3132; baseline 0.013 -23"><span class='ocrx_word' id='word_1_220' title='bbox 256 3052 335 3111; x_wconf 92' lang='lat' dir='ltr'>Vive</span> <span class='ocrx_word' id='word_1_221' title='bbox 349 3052 415 3112; x_wconf 91' lang='lat' dir='ltr'>sine</span> <span class='ocrx_word' id='word_1_222' title='bbox 430 3053 552 3128; x_wconf 89' lang='lat' dir='ltr'>invidia,</span> <span class='ocrx_word' id='word_1_223' title='bbox 568 3057 740 3132; x_wconf 89' lang='lat' dir='ltr'>mollesque</span> <span class='ocrx_word' id='word_1_224' title='bbox 754 3057 904 3132; x_wconf 82' lang='lat' dir='ltr'>inglorius</span> <span class='ocrx_word' id='word_1_225' title='bbox 919 3075 1018 3121; x_wconf 87' lang='lat' dir='ltr'>annos</span> 
     </span>
     <span class='ocr_line' id='line_1_35' title="bbox 295 3135 897 3218; baseline 0.015 -25"><span class='ocrx_word' id='word_1_226' title='bbox 295 3135 400 3211; x_wconf 79' lang='lat' dir='ltr'>Exige,</span> <span class='ocrx_word' id='word_1_227' title='bbox 416 3139 562 3199; x_wconf 89' lang='lat' dir='ltr'>amicitias</span> <span class='ocrx_word' id='word_1_228' title='bbox 580 3148 608 3200; x_wconf 91' lang='lat' dir='ltr'>et</span> <span class='ocrx_word' id='word_1_229' title='bbox 622 3141 676 3201; x_wconf 90' lang='lat' dir='ltr'>tibi</span> <span class='ocrx_word' id='word_1_230' title='bbox 690 3141 783 3216; x_wconf 80' lang='lat' dir='ltr'>iunge</span> <span class='ocrx_word' id='word_1_231' title='bbox 797 3157 897 3218; x_wconf 88' lang='lat' dir='ltr'>pares,</span> 
     </span>
    </p>
   </div>
   <div class='ocr_carea' id='block_1_3' title="bbox 203 3219 1055 3554">
    <p class='ocr_par' dir='ltr' id='par_1_3' title="bbox 203 3219 1055 3554">
     <span class='ocr_line' id='line_1_36' title="bbox 203 3219 1046 3303; baseline 0.014 -25"><span class='ocrx_word' id='word_1_232' title='bbox 203 3225 238 3282; x_wconf 81' lang='lat'>45</span> <span class='ocrx_word' id='word_1_233' title='bbox 252 3219 447 3297; x_wconf 85' lang='lat' dir='ltr'>Nasonisque</span> <span class='ocrx_word' id='word_1_234' title='bbox 462 3223 513 3298; x_wconf 89' lang='lat' dir='ltr'>tui,</span> <span class='ocrx_word' id='word_1_235' title='bbox 531 3225 614 3299; x_wconf 90' lang='lat' dir='ltr'>quod</span> <span class='ocrx_word' id='word_1_236' title='bbox 631 3224 730 3286; x_wconf 90' lang='lat' dir='ltr'>adhue</span> <span class='ocrx_word' id='word_1_237' title='bbox 747 3242 808 3286; x_wconf 89' lang='lat' dir='ltr'>non</span> <span class='ocrx_word' id='word_1_238' title='bbox 824 3229 928 3288; x_wconf 87' lang='lat' dir='ltr'>exulat</span> <span class='ocrx_word' id='word_1_239' title='bbox 941 3245 1046 3303; x_wconf 87' lang='lat' dir='ltr'>unum,</span> 
     </span>
     <span class='ocr_line' id='line_1_37' title="bbox 293 3303 1055 3386; baseline 0.008 -23"><span class='ocrx_word' id='word_1_240' title='bbox 293 3303 409 3364; x_wconf 89' lang='lat' dir='ltr'>Nomen</span> <span class='ocrx_word' id='word_1_241' title='bbox 425 3322 507 3367; x_wconf 80' lang='lat' dir='ltr'>ama:</span> <span class='ocrx_word' id='word_1_242' title='bbox 531 3307 695 3386; x_wconf 84' lang='lat' dir='ltr'><strong>Scythicus</strong></span> <span class='ocrx_word' id='word_1_243' title='bbox 710 3316 811 3369; x_wconf 87' lang='lat' dir='ltr'>cetera</span> <span class='ocrx_word' id='word_1_244' title='bbox 824 3309 939 3373; x_wconf 88' lang='lat' dir='ltr'>Pontus</span> <span class='ocrx_word' id='word_1_245' title='bbox 954 3312 1055 3374; x_wconf 86' lang='lat' dir='ltr'>babet.</span> 
     </span>
     <span class='ocr_line' id='line_1_38' title="bbox 251 3387 1026 3470; baseline 0.013 -24"><span class='ocrx_word' id='word_1_246' title='bbox 251 3387 393 3448; x_wconf 85' lang='lat' dir='ltr'>Proxima</span> <span class='ocrx_word' id='word_1_247' title='bbox 407 3389 558 3450; x_wconf 86' lang='lat' dir='ltr'>sideribus</span> <span class='ocrx_word' id='word_1_248' title='bbox 573 3393 664 3451; x_wconf 93' lang='lat' dir='ltr'>tellus</span> <span class='ocrx_word' id='word_1_249' title='bbox 678 3391 917 3470; x_wconf 78' lang='lat' dir='ltr'>Erymanthidos</span> <span class='ocrx_word' id='word_1_250' title='bbox 932 3411 1026 3457; x_wconf 88' lang='lat' dir='ltr'>ursae</span> 
     </span>
     <span class='ocr_line' id='line_1_39' title="bbox 291 3471 939 3554; baseline 0.012 -24"><span class='ocrx_word' id='word_1_251' title='bbox 291 3471 341 3530; x_wconf 90' lang='lat' dir='ltr'>Me</span> <span class='ocrx_word' id='word_1_252' title='bbox 354 3478 444 3548; x_wconf 90' lang='lat' dir='ltr'>tenet,</span> <span class='ocrx_word' id='word_1_253' title='bbox 464 3473 609 3538; x_wconf 88' lang='lat' dir='ltr'>adstricto</span> <span class='ocrx_word' id='word_1_254' title='bbox 625 3480 705 3536; x_wconf 88' lang='lat' dir='ltr'>terra</span> <span class='ocrx_word' id='word_1_255' title='bbox 719 3484 844 3553; x_wconf 91' lang='lat' dir='ltr'>perusta</span> <span class='ocrx_word' id='word_1_256' title='bbox 859 3480 939 3554; x_wconf 81' lang='lat' dir='ltr'>gelu.</span> 
     </span>
    </p>
   </div>
   <div class='ocr_carea' id='block_1_4' title="bbox 0 0 1230 3927">
    <p class='ocr_par' dir='ltr' id='par_1_4' title="bbox 0 0 1230 3927">
     <span class='ocr_line' id='line_1_40' title="bbox 0 0 1230 3927; baseline 0 0"><span class='ocrx_word' id='word_1_257' title='bbox 0 0 1230 3927; x_wconf 95' lang='lat' dir='ltr'> </span> 
     </span>
    </p>
   </div>
  </div>
 </body>
</html>
