<?xml version="1.0" encoding="UTF-8"?>
<!DOCTYPE html PUBLIC "-//W3C//DTD XHTML 1.0 Transitional//EN"
    "http://www.w3.org/TR/xhtml1/DTD/xhtml1-transitional.dtd">
<html xmlns="http://www.w3.org/1999/xhtml" xml:lang="en" lang="en">
 <head>
  <title>
</title>
<meta http-equiv="Content-Type" content="text/html;charset=utf-8" />
  <meta name='ocr-system' content='tesseract 3.04.00' />
  <meta name='ocr-capabilities' content='ocr_page ocr_carea ocr_par ocr_line ocrx_word'/>
</head>
<body>
  <div class='ocr_page' id='page_1' title='image "./povidiusnaso00goog_0271.png"; bbox 0 0 2492 3926; ppageno 0'>
   <div class='ocr_carea' id='block_1_1' title="bbox 176 233 808 299">
    <p class='ocr_par' dir='ltr' id='par_1_1' title="bbox 176 233 808 299">
     <span class='ocr_line' id='line_1_1' title="bbox 176 233 808 299; baseline -0.011 0"><span class='ocrx_word' id='word_1_1' title='bbox 176 234 237 299; x_wconf 71' lang='lat'>260</span> <span class='ocrx_word' id='word_1_2' title='bbox 555 233 808 297; x_wconf 74' lang='lat' dir='ltr'>lusionem</span> 
     </span>
    </p>
   </div>
   <div class='ocr_carea' id='block_1_2' title="bbox 189 385 1235 3308">
    <p class='ocr_par' dir='ltr' id='par_1_2' title="bbox 189 385 1235 3308">
     <span class='ocr_line' id='line_1_2' title="bbox 294 385 960 448; baseline -0.002 -1"><span class='ocrx_word' id='word_1_3' title='bbox 294 387 419 447; x_wconf 80' lang='lat' dir='ltr'><strong>Pressit.</strong></span> <span class='ocrx_word' id='word_1_4' title='bbox 448 395 479 446; x_wconf 92' lang='lat' dir='ltr'>et</span> <span class='ocrx_word' id='word_1_5' title='bbox 493 393 542 447; x_wconf 90' lang='lat' dir='ltr'>cst</span> <span class='ocrx_word' id='word_1_6' title='bbox 555 386 615 448; x_wconf 85' lang='lat' dir='ltr'>illis</span> <span class='ocrx_word' id='word_1_7' title='bbox 630 387 700 447; x_wconf 84' lang='lat' dir='ltr'>visu</span> <span class='ocrx_word' id='word_1_8' title='bbox 714 385 846 447; x_wconf 83' lang='lat' dir='ltr'>subesse</span> <span class='ocrx_word' id='word_1_9' title='bbox 862 403 960 448; x_wconf 88' lang='lat' dir='ltr'>soror.</span> 
     </span>
     <span class='ocr_line' id='line_1_3' title="bbox 193 470 1159 551; baseline -0.004 -15"><span class='ocrx_word' id='word_1_10' title='bbox 193 481 244 536; x_wconf 73' lang='lat'>565</span> <span class='ocrx_word' id='word_1_11' title='bbox 258 471 374 533; x_wconf 87' lang='lat' dir='ltr'>Naneta</span> <span class='ocrx_word' id='word_1_12' title='bbox 393 476 488 532; x_wconf 88' lang='lat' dir='ltr'>ratem</span> <span class='ocrx_word' id='word_1_13' title='bbox 503 471 694 548; x_wconf 76' lang='lat' dir='ltr'>comitesque</span> <span class='ocrx_word' id='word_1_14' title='bbox 708 472 799 546; x_wconf 85' lang='lat' dir='ltr'>lugae</span> <span class='ocrx_word' id='word_1_15' title='bbox 815 470 897 547; x_wconf 90' lang='lat' dir='ltr'>pede</span> <span class='ocrx_word' id='word_1_16' title='bbox 910 471 1023 551; x_wconf 79' lang='lat' dir='ltr'><strong>labitur</strong></span> <span class='ocrx_word' id='word_1_17' title='bbox 1038 487 1159 548; x_wconf 80' lang='lat' dir='ltr'>aequo¹</span> 
     </span>
     <span class='ocr_line' id='line_1_4' title="bbox 295 553 962 632; baseline 0.003 -18"><span class='ocrx_word' id='word_1_18' title='bbox 295 553 418 616; x_wconf 87' lang='lat' dir='ltr'>Moenia</span> <span class='ocrx_word' id='word_1_19' title='bbox 432 554 618 632; x_wconf 81' lang='lat' dir='ltr'>respiciens,</span> <span class='ocrx_word' id='word_1_20' title='bbox 635 555 724 614; x_wconf 88' lang='lat' dir='ltr'>dulce</span> <span class='ocrx_word' id='word_1_21' title='bbox 739 554 857 615; x_wconf 88' lang='lat' dir='ltr'>sororis</span> <span class='ocrx_word' id='word_1_22' title='bbox 873 568 962 631; x_wconf 89' lang='lat' dir='ltr'>opus.</span> 
     </span>
     <span class='ocr_line' id='line_1_5' title="bbox 255 636 935 716; baseline -0.001 -18"><span class='ocrx_word' id='word_1_23' title='bbox 255 637 375 699; x_wconf 83' lang='lat' dir='ltr'>Fertilis</span> <span class='ocrx_word' id='word_1_24' title='bbox 392 645 439 698; x_wconf 92' lang='lat' dir='ltr'>est</span> <span class='ocrx_word' id='word_1_25' title='bbox 452 636 554 698; x_wconf 89' lang='lat' dir='ltr'>Melite</span> <span class='ocrx_word' id='word_1_26' title='bbox 573 638 667 699; x_wconf 88' lang='lat' dir='ltr'>sterili</span> <span class='ocrx_word' id='word_1_27' title='bbox 682 637 783 697; x_wconf 88' lang='lat' dir='ltr'>vicina</span> <span class='ocrx_word' id='word_1_28' title='bbox 798 637 935 716; x_wconf 80' lang='lat' dir='ltr'>Cosyrae</span> 
     </span>
     <span class='ocr_line' id='line_1_6' title="bbox 296 720 993 799; baseline -0.001 -19"><span class='ocrx_word' id='word_1_29' title='bbox 296 722 414 795; x_wconf 89' lang='lat' dir='ltr'>lnsula,</span> <span class='ocrx_word' id='word_1_30' title='bbox 431 738 523 798; x_wconf 91' lang='lat' dir='ltr'>quam</span> <span class='ocrx_word' id='word_1_31' title='bbox 537 722 644 799; x_wconf 76' lang='lat' dir='ltr'>Libyci</span> <span class='ocrx_word' id='word_1_32' title='bbox 663 720 806 782; x_wconf 86' lang='lat' dir='ltr'>verberat</span> <span class='ocrx_word' id='word_1_33' title='bbox 819 722 902 781; x_wconf 92' lang='lat' dir='ltr'>unda</span> <span class='ocrx_word' id='word_1_34' title='bbox 916 722 993 781; x_wconf 88' lang='lat' dir='ltr'>ireti.</span> 
     </span>
     <span class='ocr_line' id='line_1_7' title="bbox 256 804 971 882; baseline -0.003 -18"><span class='ocrx_word' id='word_1_35' title='bbox 256 805 341 864; x_wconf 86' lang='lat' dir='ltr'>llune</span> <span class='ocrx_word' id='word_1_36' title='bbox 357 806 447 882; x_wconf 91' lang='lat' dir='ltr'>petit,</span> <span class='ocrx_word' id='word_1_37' title='bbox 461 805 595 882; x_wconf 90' lang='lat' dir='ltr'>hospitio</span> <span class='ocrx_word' id='word_1_38' title='bbox 609 805 691 882; x_wconf 86' lang='lat' dir='ltr'>regis</span> <span class='ocrx_word' id='word_1_39' title='bbox 708 804 827 865; x_wconf 87' lang='lat' dir='ltr'>conlisa</span> <span class='ocrx_word' id='word_1_40' title='bbox 841 811 971 866; x_wconf 86' lang='lat' dir='ltr'>vetusto.</span> 
     </span>
     <span class='ocr_line' id='line_1_8' title="bbox 190 887 966 966; baseline -0.004 -17"><span class='ocrx_word' id='word_1_41' title='bbox 190 907 242 964; x_wconf 70' lang='lat'>570</span> <span class='ocrx_word' id='word_1_42' title='bbox 294 889 419 965; x_wconf 88' lang='lat' dir='ltr'>Hospes</span> <span class='ocrx_word' id='word_1_43' title='bbox 434 905 528 966; x_wconf 88' lang='lat' dir='ltr'>opum</span> <span class='ocrx_word' id='word_1_44' title='bbox 544 889 630 949; x_wconf 88' lang='lat' dir='ltr'>dives</span> <span class='ocrx_word' id='word_1_45' title='bbox 645 903 700 949; x_wconf 86' lang='lat' dir='ltr'>rex</span> <span class='ocrx_word' id='word_1_46' title='bbox 716 887 756 947; x_wconf 93' lang='lat' dir='ltr'>ibi</span> <span class='ocrx_word' id='word_1_47' title='bbox 771 887 878 948; x_wconf 82' lang='lat' dir='ltr'>Battus</span> <span class='ocrx_word' id='word_1_48' title='bbox 893 895 966 949; x_wconf 88' lang='lat' dir='ltr'>erat.</span> 
     </span>
     <span class='ocr_line' id='line_1_9' title="bbox 257 971 1035 1048; baseline -0.004 -14"><span class='ocrx_word' id='word_1_49' title='bbox 257 971 311 1046; x_wconf 79' lang='lat' dir='ltr'>out</span> <span class='ocrx_word' id='word_1_50' title='bbox 328 979 491 1048; x_wconf 87' lang='lat' dir='ltr'>postquam</span> <span class='ocrx_word' id='word_1_51' title='bbox 506 972 612 1033; x_wconf 81' lang='lat' dir='ltr'>didicit</span> <span class='ocrx_word' id='word_1_52' title='bbox 625 987 718 1033; x_wconf 90' lang='lat' dir='ltr'>casus</span> <span class='ocrx_word' id='word_1_53' title='bbox 732 973 893 1046; x_wconf 87' lang='lat' dir='ltr'>utriusque</span> <span class='ocrx_word' id='word_1_54' title='bbox 908 973 1035 1045; x_wconf 90' lang='lat' dir='ltr'>sororis,</span> 
     </span>
     <span class='ocr_line' id='line_1_10' title="bbox 298 1056 1092 1132; baseline 0 -16"><span class='ocrx_word' id='word_1_55' title='bbox 298 1056 406 1117; x_wconf 79' lang='lat' dir='ltr'>‘llaec’</span> <span class='ocrx_word' id='word_1_56' title='bbox 423 1057 521 1132; x_wconf 91' lang='lat' dir='ltr'>inquit</span> <span class='ocrx_word' id='word_1_57' title='bbox 534 1057 636 1117; x_wconf 69' lang='lat' dir='ltr'>‘tellus</span> <span class='ocrx_word' id='word_1_58' title='bbox 652 1057 929 1131; x_wconf 88' lang='lat' dir='ltr'>quantulacumque</span> <span class='ocrx_word' id='word_1_59' title='bbox 942 1062 993 1116; x_wconf 88' lang='lat' dir='ltr'>tua</span> <span class='ocrx_word' id='word_1_60' title='bbox 1009 1059 1092 1116; x_wconf 61' lang='lat' dir='ltr'>est)</span> 
     </span>
     <span class='ocr_line' id='line_1_11' title="bbox 253 1137 1031 1215; baseline -0.003 -17"><span class='ocrx_word' id='word_1_61' title='bbox 253 1137 293 1199; x_wconf 83' lang='lat' dir='ltr'>Et</span> <span class='ocrx_word' id='word_1_62' title='bbox 306 1146 407 1200; x_wconf 88' lang='lat' dir='ltr'>tamen</span> <span class='ocrx_word' id='word_1_63' title='bbox 420 1137 546 1215; x_wconf 90' lang='lat' dir='ltr'>hospitii</span> <span class='ocrx_word' id='word_1_64' title='bbox 561 1144 718 1200; x_wconf 87' lang='lat' dir='ltr'>servasset</span> <span class='ocrx_word' id='word_1_65' title='bbox 731 1139 772 1198; x_wconf 91' lang='lat' dir='ltr'>ad</span> <span class='ocrx_word' id='word_1_66' title='bbox 786 1139 891 1198; x_wconf 89' lang='lat' dir='ltr'>ultima</span> <span class='ocrx_word' id='word_1_67' title='bbox 906 1145 1031 1199; x_wconf 82' lang='lat' dir='ltr'>munus!</span> 
     </span>
     <span class='ocr_line' id='line_1_12' title="bbox 298 1221 942 1301; baseline -0.003 -18"><span class='ocrx_word' id='word_1_68' title='bbox 298 1221 361 1283; x_wconf 88' lang='lat' dir='ltr'>Sed</span> <span class='ocrx_word' id='word_1_69' title='bbox 375 1222 474 1283; x_wconf 86' lang='lat' dir='ltr'>timuit</span> <span class='ocrx_word' id='word_1_70' title='bbox 487 1237 614 1297; x_wconf 83' lang='lat' dir='ltr'>magnas</span> <span class='ocrx_word' id='word_1_71' title='bbox 630 1221 841 1301; x_wconf 73' lang='lat' dir='ltr'>Pygmalionis</span> <span class='ocrx_word' id='word_1_72' title='bbox 856 1238 942 1298; x_wconf 92' lang='lat' dir='ltr'>opes.</span> 
     </span>
     <span class='ocr_line' id='line_1_13' title="bbox 189 1303 990 1380; baseline -0.001 -14"><span class='ocrx_word' id='word_1_73' title='bbox 189 1319 241 1376; x_wconf 70' lang='lat'>575</span> <span class='ocrx_word' id='word_1_74' title='bbox 257 1303 352 1380; x_wconf 85' lang='lat' dir='ltr'>Signa</span> <span class='ocrx_word' id='word_1_75' title='bbox 365 1312 562 1365; x_wconf 84' lang='lat' dir='ltr'>recensuerat</span> <span class='ocrx_word' id='word_1_76' title='bbox 577 1305 625 1366; x_wconf 91' lang='lat' dir='ltr'>bis</span> <span class='ocrx_word' id='word_1_77' title='bbox 646 1307 694 1367; x_wconf 85' lang='lat' dir='ltr'>sol</span> <span class='ocrx_word' id='word_1_78' title='bbox 709 1322 775 1369; x_wconf 91' lang='lat' dir='ltr'>sua.</span> <span class='ocrx_word' id='word_1_79' title='bbox 804 1305 911 1366; x_wconf 88' lang='lat' dir='ltr'>tertius</span> <span class='ocrx_word' id='word_1_80' title='bbox 928 1305 990 1366; x_wconf 89' lang='lat' dir='ltr'>ibat</span> 
     </span>
     <span class='ocr_line' id='line_1_14' title="bbox 296 1389 994 1466; baseline -0.004 -17"><span class='ocrx_word' id='word_1_81' title='bbox 296 1389 418 1452; x_wconf 82' lang='lat' dir='ltr'>Annus.</span> <span class='ocrx_word' id='word_1_82' title='bbox 439 1395 471 1448; x_wconf 88' lang='lat' dir='ltr'>et</span> <span class='ocrx_word' id='word_1_83' title='bbox 484 1389 576 1450; x_wconf 87' lang='lat' dir='ltr'>exilio</span> <span class='ocrx_word' id='word_1_84' title='bbox 590 1396 671 1450; x_wconf 86' lang='lat' dir='ltr'>terro</span> <span class='ocrx_word' id='word_1_85' title='bbox 685 1389 825 1466; x_wconf 87' lang='lat' dir='ltr'>paranda</span> <span class='ocrx_word' id='word_1_86' title='bbox 839 1404 920 1450; x_wconf 90' lang='lat' dir='ltr'>nova</span> <span class='ocrx_word' id='word_1_87' title='bbox 940 1396 994 1450; x_wconf 89' lang='lat' dir='ltr'>est.</span> 
     </span>
     <span class='ocr_line' id='line_1_15' title="bbox 253 1471 1076 1550; baseline 0.004 -18"><span class='ocrx_word' id='word_1_88' title='bbox 253 1471 359 1532; x_wconf 83' lang='lat' dir='ltr'>Frater</span> <span class='ocrx_word' id='word_1_89' title='bbox 372 1473 461 1538; x_wconf 87' lang='lat' dir='ltr'>adest</span> <span class='ocrx_word' id='word_1_90' title='bbox 474 1525 480 1550; x_wconf 74' lang='grc'>,</span> <span class='ocrx_word' id='word_1_91' title='bbox 491 1471 637 1549; x_wconf 90' lang='lat' dir='ltr'>belloque</span> <span class='ocrx_word' id='word_1_92' title='bbox 651 1473 736 1549; x_wconf 89' lang='lat' dir='ltr'>petit.</span> <span class='ocrx_word' id='word_1_93' title='bbox 764 1489 820 1533; x_wconf 89' lang='lat' dir='ltr'>rex</span> <span class='ocrx_word' id='word_1_94' title='bbox 834 1488 919 1533; x_wconf 89' lang='lat' dir='ltr'>arma</span> <span class='ocrx_word' id='word_1_95' title='bbox 937 1489 1076 1549; x_wconf 82' lang='lat' dir='ltr'>perosus</span> 
     </span>
     <span class='ocr_line' id='line_1_16' title="bbox 297 1556 1009 1632; baseline 0.003 -18"><span class='ocrx_word' id='word_1_96' title='bbox 297 1556 372 1617; x_wconf 70' lang='lat' dir='ltr'>‘llos</span> <span class='ocrx_word' id='word_1_97' title='bbox 387 1572 495 1618; x_wconf 88' lang='lat' dir='ltr'>sumus</span> <span class='ocrx_word' id='word_1_98' title='bbox 510 1556 654 1631; x_wconf 88' lang='lat' dir='ltr'>inbelles,</span> <span class='ocrx_word' id='word_1_99' title='bbox 668 1562 700 1616; x_wconf 92' lang='lat' dir='ltr'>tu</span> <span class='ocrx_word' id='word_1_100' title='bbox 715 1556 786 1632; x_wconf 86' lang='lat' dir='ltr'>luge</span> <span class='ocrx_word' id='word_1_101' title='bbox 801 1570 914 1631; x_wconf 88' lang='lat' dir='ltr'>sospes</span> <span class='ocrx_word' id='word_1_102' title='bbox 923 1561 943 1614; x_wconf 73' lang='grc' dir='ltr'>ι’</span> <span class='ocrx_word' id='word_1_103' title='bbox 959 1557 1009 1618; x_wconf 88' lang='lat' dir='ltr'>ait.</span> 
     </span>
     <span class='ocr_line' id='line_1_17' title="bbox 228 1638 1058 1716; baseline 0.005 -19"><span class='ocrx_word' id='word_1_104' title='bbox 228 1638 342 1701; x_wconf 90' lang='lat' dir='ltr'>&#39;lussa</span> <span class='ocrx_word' id='word_1_105' title='bbox 356 1641 445 1716; x_wconf 82' lang='lat' dir='ltr'>urgit,</span> <span class='ocrx_word' id='word_1_106' title='bbox 463 1646 616 1715; x_wconf 86' lang='lat' dir='ltr'>ventoque</span> <span class='ocrx_word' id='word_1_107' title='bbox 629 1645 725 1700; x_wconf 87' lang='lat' dir='ltr'>ratem</span> <span class='ocrx_word' id='word_1_108' title='bbox 740 1638 896 1700; x_wconf 90' lang='lat' dir='ltr'>committit</span> <span class='ocrx_word' id='word_1_109' title='bbox 910 1647 940 1701; x_wconf 90' lang='lat' dir='ltr'>et</span> <span class='ocrx_word' id='word_1_110' title='bbox 954 1643 1058 1703; x_wconf 89' lang='lat' dir='ltr'>undis.</span> 
     </span>
     <span class='ocr_line' id='line_1_18' title="bbox 190 1723 1235 1802; baseline -0.008 -13"><span class='ocrx_word' id='word_1_111' title='bbox 190 1733 242 1789; x_wconf 69' lang='lat'>580</span> <span class='ocrx_word' id='word_1_112' title='bbox 297 1725 451 1801; x_wconf 89' lang='lat' dir='ltr'>Asperior·</span> <span class='ocrx_word' id='word_1_113' title='bbox 461 1723 571 1800; x_wconf 89' lang='lat' dir='ltr'>quovis</span> <span class='ocrx_word' id='word_1_114' title='bbox 586 1739 721 1800; x_wconf 88' lang='lat' dir='ltr'>aequore</span> <span class='ocrx_word' id='word_1_115' title='bbox 736 1724 829 1783; x_wconf 85' lang='lat' dir='ltr'>irater</span> <span class='ocrx_word' id='word_1_116' title='bbox 843 1731 917 1784; x_wconf 89' lang='lat' dir='ltr'>erat.</span> <span class='ocrx_word' id='word_1_117' title='bbox 1234 1797 1235 1802; x_wconf 5' lang='grc' dir='ltr'>ἵ</span> 
     </span>
     <span class='ocr_line' id='line_1_19' title="bbox 254 1805 1016 1885; baseline 0.003 -19"><span class='ocrx_word' id='word_1_118' title='bbox 254 1806 309 1869; x_wconf 85' lang='lat' dir='ltr'>Est</span> <span class='ocrx_word' id='word_1_119' title='bbox 323 1824 422 1885; x_wconf 90' lang='lat' dir='ltr'>prope</span> <span class='ocrx_word' id='word_1_120' title='bbox 434 1807 579 1883; x_wconf 89' lang='lat' dir='ltr'>piscosos</span> <span class='ocrx_word' id='word_1_121' title='bbox 593 1807 728 1883; x_wconf 85' lang='lat' dir='ltr'>lapidosi</span> <span class='ocrx_word' id='word_1_122' title='bbox 743 1805 896 1868; x_wconf 80' lang='lat' dir='ltr'>Crathidis</span> <span class='ocrx_word' id='word_1_123' title='bbox 911 1824 1016 1869; x_wconf 88' lang='lat' dir='ltr'>amnes</span> 
     </span>
     <span class='ocr_line' id='line_1_20' title="bbox 296 1890 1023 1966; baseline 0 -16"><span class='ocrx_word' id='word_1_124' title='bbox 296 1891 412 1953; x_wconf 83' lang='lat' dir='ltr'>Parvus</span> <span class='ocrx_word' id='word_1_125' title='bbox 429 1907 516 1966; x_wconf 76' lang='lat' dir='ltr'>agam</span> <span class='ocrx_word' id='word_1_126' title='bbox 545 1891 690 1953; x_wconf 81' lang='lat' dir='ltr'>Cameren</span> <span class='ocrx_word' id='word_1_127' title='bbox 705 1890 806 1953; x_wconf 88' lang='lat' dir='ltr'>incola</span> <span class='ocrx_word' id='word_1_128' title='bbox 821 1890 909 1952; x_wconf 91' lang='lat' dir='ltr'>turba</span> <span class='ocrx_word' id='word_1_129' title='bbox 923 1899 1023 1953; x_wconf 90' lang='lat' dir='ltr'>vocat.</span> 
     </span>
     <span class='ocr_line' id='line_1_21' title="bbox 255 1974 947 2051; baseline 0.001 -16"><span class='ocrx_word' id='word_1_130' title='bbox 255 1976 328 2036; x_wconf 91' lang='lat' dir='ltr'>Illuc</span> <span class='ocrx_word' id='word_1_131' title='bbox 343 1990 452 2037; x_wconf 90' lang='lat' dir='ltr'>cursus</span> <span class='ocrx_word' id='word_1_132' title='bbox 468 1981 541 2035; x_wconf 89' lang='lat' dir='ltr'>erat.</span> <span class='ocrx_word' id='word_1_133' title='bbox 571 1991 628 2034; x_wconf 92' lang='lat' dir='ltr'>nec</span> <span class='ocrx_word' id='word_1_134' title='bbox 642 1974 763 2051; x_wconf 89' lang='lat' dir='ltr'>longius</span> <span class='ocrx_word' id='word_1_135' title='bbox 779 1975 854 2036; x_wconf 89' lang='lat' dir='ltr'>aluit</span> <span class='ocrx_word' id='word_1_136' title='bbox 867 1975 947 2049; x_wconf 90' lang='lat' dir='ltr'>inde,</span> 
     </span>
     <span class='ocr_line' id='line_1_22' title="bbox 296 2057 1046 2134; baseline 0.003 -16"><span class='ocrx_word' id='word_1_137' title='bbox 296 2057 390 2132; x_wconf 80' lang='lat' dir='ltr'>Quam</span> <span class='ocrx_word' id='word_1_138' title='bbox 410 2064 555 2132; x_wconf 91' lang='lat' dir='ltr'>qnantum</span> <span class='ocrx_word' id='word_1_139' title='bbox 569 2058 677 2120; x_wconf 85' lang='lat' dir='ltr'>novies</span> <span class='ocrx_word' id='word_1_140' title='bbox 692 2059 810 2119; x_wconf 90' lang='lat' dir='ltr'>mittere</span> <span class='ocrx_word' id='word_1_141' title='bbox 823 2059 920 2119; x_wconf 84' lang='lat' dir='ltr'>lunda</span> <span class='ocrx_word' id='word_1_142' title='bbox 934 2064 1046 2134; x_wconf 82' lang='lat' dir='ltr'>potest</span> 
     </span>
     <span class='ocr_line' id='line_1_23' title="bbox 189 2140 1057 2217; baseline 0.002 -16"><span class='ocrx_word' id='word_1_143' title='bbox 189 2146 241 2201; x_wconf 70' lang='lat'>⁶85</span> <span class='ocrx_word' id='word_1_144' title='bbox 256 2142 334 2202; x_wconf 90' lang='lat' dir='ltr'>Vela</span> <span class='ocrx_word' id='word_1_145' title='bbox 348 2140 460 2201; x_wconf 89' lang='lat' dir='ltr'>cadunt</span> <span class='ocrx_word' id='word_1_146' title='bbox 476 2141 590 2217; x_wconf 89' lang='lat' dir='ltr'>primo,</span> <span class='ocrx_word' id='word_1_147' title='bbox 606 2148 636 2202; x_wconf 92' lang='lat' dir='ltr'>et</span> <span class='ocrx_word' id='word_1_148' title='bbox 651 2141 744 2204; x_wconf 91' lang='lat' dir='ltr'>dubia</span> <span class='ocrx_word' id='word_1_149' title='bbox 759 2142 905 2202; x_wconf 88' lang='lat' dir='ltr'>librantur</span> <span class='ocrx_word' id='word_1_150' title='bbox 919 2141 958 2202; x_wconf 90' lang='lat' dir='ltr'>ab</span> <span class='ocrx_word' id='word_1_151' title='bbox 972 2159 1057 2203; x_wconf 88' lang='lat' dir='ltr'>aura.</span> 
     </span>
     <span class='ocr_line' id='line_1_24' title="bbox 296 2223 947 2301; baseline -0.002 -17"><span class='ocrx_word' id='word_1_152' title='bbox 296 2223 427 2284; x_wconf 72' lang='lat' dir='ltr'>‘Findite</span> <span class='ocrx_word' id='word_1_153' title='bbox 441 2224 582 2300; x_wconf 87' lang='lat' dir='ltr'>remigio’</span> <span class='ocrx_word' id='word_1_154' title='bbox 597 2226 700 2288; x_wconf 89' lang='lat' dir='ltr'>navitu</span> <span class='ocrx_word' id='word_1_155' title='bbox 715 2225 791 2286; x_wconf 88' lang='lat' dir='ltr'>dixit</span> <span class='ocrx_word' id='word_1_156' title='bbox 805 2229 947 2301; x_wconf 73' lang='lat' dir='ltr'>‘aquast’</span> 
     </span>
     <span class='ocr_line' id='line_1_25' title="bbox 253 2308 1029 2383; baseline -0.003 -13"><span class='ocrx_word' id='word_1_157' title='bbox 253 2310 394 2383; x_wconf 89' lang='lat' dir='ltr'>Dumque</span> <span class='ocrx_word' id='word_1_158' title='bbox 409 2314 516 2383; x_wconf 89' lang='lat' dir='ltr'>parant</span> <span class='ocrx_word' id='word_1_159' title='bbox 529 2314 609 2370; x_wconf 90' lang='lat' dir='ltr'>torto</span> <span class='ocrx_word' id='word_1_160' title='bbox 624 2309 798 2371; x_wconf 89' lang='lat' dir='ltr'>subducere</span> <span class='ocrx_word' id='word_1_161' title='bbox 813 2308 944 2370; x_wconf 89' lang='lat' dir='ltr'>carbasa</span> <span class='ocrx_word' id='word_1_162' title='bbox 956 2309 1029 2382; x_wconf 90' lang='lat' dir='ltr'>lino,</span> 
     </span>
     <span class='ocr_line' id='line_1_26' title="bbox 295 2391 945 2470; baseline 0.008 -20"><span class='ocrx_word' id='word_1_163' title='bbox 295 2391 462 2454; x_wconf 75' lang='lat' dir='ltr'>percutitur</span> <span class='ocrx_word' id='word_1_164' title='bbox 473 2392 584 2469; x_wconf 89' lang='lat' dir='ltr'>rapido</span> <span class='ocrx_word' id='word_1_165' title='bbox 598 2393 713 2470; x_wconf 87' lang='lat' dir='ltr'>puppis</span> <span class='ocrx_word' id='word_1_166' title='bbox 728 2393 849 2454; x_wconf 88' lang='lat' dir='ltr'>adunca</span> <span class='ocrx_word' id='word_1_167' title='bbox 862 2399 945 2467; x_wconf 86' lang='lat' dir='ltr'>noto,</span> 
     </span>
     <span class='ocr_line' id='line_1_27' title="bbox 253 2474 1090 2554; baseline 0.002 -18"><span class='ocrx_word' id='word_1_168' title='bbox 253 2477 349 2553; x_wconf 89' lang='lat' dir='ltr'>Inque</span> <span class='ocrx_word' id='word_1_169' title='bbox 365 2483 473 2553; x_wconf 88' lang='lat' dir='ltr'>patens</span> <span class='ocrx_word' id='word_1_170' title='bbox 488 2493 621 2554; x_wconf 90' lang='lat' dir='ltr'>aequor,</span> <span class='ocrx_word' id='word_1_171' title='bbox 637 2478 747 2538; x_wconf 87' lang='lat' dir='ltr'>lrustra</span> <span class='ocrx_word' id='word_1_172' title='bbox 760 2484 917 2553; x_wconf 82' lang='lat' dir='ltr'>pugnante</span> <span class='ocrx_word' id='word_1_173' title='bbox 929 2474 1090 2554; x_wconf 87' lang='lat' dir='ltr'>magistro,</span> 
     </span>
     <span class='ocr_line' id='line_1_28' title="bbox 190 2560 972 2636; baseline -0.01 -10"><span class='ocrx_word' id='word_1_174' title='bbox 190 2569 243 2626; x_wconf 77' lang='lat'>590</span> <span class='ocrx_word' id='word_1_175' title='bbox 296 2561 416 2636; x_wconf 83' lang='lat' dir='ltr'>Fertur,</span> <span class='ocrx_word' id='word_1_176' title='bbox 433 2568 517 2622; x_wconf 85' lang='lat' dir='ltr'>etex</span> <span class='ocrx_word' id='word_1_177' title='bbox 532 2561 629 2623; x_wconf 91' lang='lat' dir='ltr'>oculis</span> <span class='ocrx_word' id='word_1_178' title='bbox 644 2561 713 2622; x_wconf 89' lang='lat' dir='ltr'>visu</span> <span class='ocrx_word' id='word_1_179' title='bbox 726 2561 836 2636; x_wconf 88' lang='lat' dir='ltr'>relugit</span> <span class='ocrx_word' id='word_1_180' title='bbox 851 2560 972 2622; x_wconf 90' lang='lat' dir='ltr'>humus.</span> 
     </span>
     <span class='ocr_line' id='line_1_29' title="bbox 255 2641 980 2721; baseline 0 -17"><span class='ocrx_word' id='word_1_181' title='bbox 255 2644 408 2706; x_wconf 82' lang='lat' dir='ltr'>Adsiliunt</span> <span class='ocrx_word' id='word_1_182' title='bbox 421 2641 549 2717; x_wconf 87' lang='lat' dir='ltr'>fluctus,</span> <span class='ocrx_word' id='word_1_183' title='bbox 565 2644 689 2721; x_wconf 90' lang='lat' dir='ltr'>imoque</span> <span class='ocrx_word' id='word_1_184' title='bbox 703 2661 721 2704; x_wconf 92' lang='lat' dir='ltr'>a</span> <span class='ocrx_word' id='word_1_185' title='bbox 736 2645 854 2720; x_wconf 79' lang='lat' dir='ltr'>gurgite</span> <span class='ocrx_word' id='word_1_186' title='bbox 869 2652 980 2719; x_wconf 91' lang='lat' dir='ltr'>pontus</span> 
     </span>
     <span class='ocr_line' id='line_1_30' title="bbox 296 2727 956 2803; baseline -0.003 -17"><span class='ocrx_word' id='word_1_187' title='bbox 296 2727 445 2799; x_wconf 88' lang='lat' dir='ltr'>Vertitur,</span> <span class='ocrx_word' id='word_1_188' title='bbox 461 2733 492 2786; x_wconf 87' lang='lat' dir='ltr'>et</span> <span class='ocrx_word' id='word_1_189' title='bbox 505 2742 599 2788; x_wconf 88' lang='lat' dir='ltr'>canas</span> <span class='ocrx_word' id='word_1_190' title='bbox 614 2730 721 2789; x_wconf 85' lang='lat' dir='ltr'>alveus</span> <span class='ocrx_word' id='word_1_191' title='bbox 735 2728 836 2789; x_wconf 90' lang='lat' dir='ltr'>haurit</span> <span class='ocrx_word' id='word_1_192' title='bbox 848 2745 956 2803; x_wconf 87' lang='lat' dir='ltr'>aquas.</span> 
     </span>
     <span class='ocr_line' id='line_1_31' title="bbox 254 2810 1073 2874; baseline 0.002 -4"><span class='ocrx_word' id='word_1_193' title='bbox 254 2810 393 2870; x_wconf 86' lang='lat' dir='ltr'>Vincitur</span> <span class='ocrx_word' id='word_1_194' title='bbox 407 2826 458 2871; x_wconf 87' lang='lat' dir='ltr'>ars</span> <span class='ocrx_word' id='word_1_195' title='bbox 471 2815 574 2872; x_wconf 87' lang='lat' dir='ltr'>vento.</span> <span class='ocrx_word' id='word_1_196' title='bbox 603 2826 661 2872; x_wconf 91' lang='lat' dir='ltr'>nec</span> <span class='ocrx_word' id='word_1_197' title='bbox 676 2813 736 2872; x_wconf 85' lang='lat' dir='ltr'>iarn</span> <span class='ocrx_word' id='word_1_198' title='bbox 750 2813 926 2874; x_wconf 90' lang='lat' dir='ltr'>moderator</span> <span class='ocrx_word' id='word_1_199' title='bbox 943 2811 1073 2872; x_wconf 87' lang='lat' dir='ltr'>habenis</span> 
     </span>
     <span class='ocr_line' id='line_1_32' title="bbox 295 2893 1006 2973; baseline -0.006 -17"><span class='ocrx_word' id='word_1_200' title='bbox 295 2893 408 2967; x_wconf 87' lang='lat' dir='ltr'>Utitur,</span> <span class='ocrx_word' id='word_1_201' title='bbox 428 2901 480 2955; x_wconf 88' lang='lat' dir='ltr'>aut</span> <span class='ocrx_word' id='word_1_202' title='bbox 492 2893 574 2958; x_wconf 91' lang='lat' dir='ltr'>votis</span> <span class='ocrx_word' id='word_1_203' title='bbox 588 2894 637 2957; x_wconf 87' lang='lat' dir='ltr'>his</span> <span class='ocrx_word' id='word_1_204' title='bbox 653 2912 777 2973; x_wconf 93' lang='lat' dir='ltr'>quoque</span> <span class='ocrx_word' id='word_1_205' title='bbox 792 2896 893 2973; x_wconf 89' lang='lat' dir='ltr'>poscit</span> <span class='ocrx_word' id='word_1_206' title='bbox 908 2911 1006 2972; x_wconf 87' lang='lat' dir='ltr'>opem.</span> 
     </span>
     <span class='ocr_line' id='line_1_33' title="bbox 191 2978 1003 3056; baseline 0.002 -20"><span class='ocrx_word' id='word_1_207' title='bbox 191 2991 242 3048; x_wconf 73' lang='lat'>595</span> <span class='ocrx_word' id='word_1_208' title='bbox 257 2979 388 3039; x_wconf 89' lang='lat' dir='ltr'>lactatur</span> <span class='ocrx_word' id='word_1_209' title='bbox 400 2979 533 3041; x_wconf 89' lang='lat' dir='ltr'>tumidas</span> <span class='ocrx_word' id='word_1_210' title='bbox 548 2979 620 3041; x_wconf 88' lang='lat' dir='ltr'>exul</span> <span class='ocrx_word' id='word_1_211' title='bbox 633 2978 807 3042; x_wconf 89' lang='lat' dir='ltr'>Phoenissa</span> <span class='ocrx_word' id='word_1_212' title='bbox 826 2995 882 3056; x_wconf 89' lang='lat' dir='ltr'>per</span> <span class='ocrx_word' id='word_1_213' title='bbox 895 2980 1003 3052; x_wconf 89' lang='lat' dir='ltr'>undas,</span> 
     </span>
     <span class='ocr_line' id='line_1_34' title="bbox 296 3061 952 3140; baseline -0.003 -16"><span class='ocrx_word' id='word_1_214' title='bbox 296 3061 469 3137; x_wconf 86' lang='lat' dir='ltr'>Umidaque</span> <span class='ocrx_word' id='word_1_215' title='bbox 483 3063 628 3140; x_wconf 86' lang='lat' dir='ltr'>opposita</span> <span class='ocrx_word' id='word_1_216' title='bbox 641 3063 754 3125; x_wconf 90' lang='lat' dir='ltr'>lumina</span> <span class='ocrx_word' id='word_1_217' title='bbox 768 3071 857 3126; x_wconf 89' lang='lat' dir='ltr'>veste</span> <span class='ocrx_word' id='word_1_218' title='bbox 871 3064 952 3139; x_wconf 89' lang='lat' dir='ltr'>tegit.</span> 
     </span>
     <span class='ocr_line' id='line_1_35' title="bbox 254 3145 947 3220; baseline 0.006 -16"><span class='ocrx_word' id='word_1_219' title='bbox 254 3146 337 3206; x_wconf 86' lang='lat' dir='ltr'>Tunc</span> <span class='ocrx_word' id='word_1_220' title='bbox 351 3145 482 3220; x_wconf 89' lang='lat' dir='ltr'>primum</span> <span class='ocrx_word' id='word_1_221' title='bbox 496 3147 576 3208; x_wconf 82' lang='lat' dir='ltr'>hirto</span> <span class='ocrx_word' id='word_1_222' title='bbox 591 3147 665 3208; x_wconf 85' lang='lat' dir='ltr'>lolix</span> <span class='ocrx_word' id='word_1_223' title='bbox 679 3155 727 3208; x_wconf 91' lang='lat' dir='ltr'>est</span> <span class='ocrx_word' id='word_1_224' title='bbox 741 3148 823 3210; x_wconf 88' lang='lat' dir='ltr'>dicta</span> <span class='ocrx_word' id='word_1_225' title='bbox 837 3147 947 3220; x_wconf 88' lang='lat' dir='ltr'>sorori,</span> 
     </span>
     <span class='ocr_line' id='line_1_36' title="bbox 296 3228 1134 3308; baseline 0.002 -19"><span class='ocrx_word' id='word_1_226' title='bbox 296 3228 334 3290; x_wconf 85' lang='lat' dir='ltr'>llt</span> <span class='ocrx_word' id='word_1_227' title='bbox 349 3245 559 3306; x_wconf 87' lang='lat' dir='ltr'>quaecumque</span> <span class='ocrx_word' id='word_1_228' title='bbox 573 3231 707 3308; x_wconf 89' lang='lat' dir='ltr'>aliquam</span> <span class='ocrx_word' id='word_1_229' title='bbox 723 3247 853 3308; x_wconf 88' lang='lat' dir='ltr'>corpore</span> <span class='ocrx_word' id='word_1_230' title='bbox 868 3231 980 3307; x_wconf 89' lang='lat' dir='ltr'>pressit</span> <span class='ocrx_word' id='word_1_231' title='bbox 993 3229 1134 3293; x_wconf 85' lang='lat' dir='ltr'>humum.</span> 
     </span>
    </p>
   </div>
   <div class='ocr_carea' id='block_1_3' title="bbox 192 3311 1016 3559">
    <p class='ocr_par' dir='ltr' id='par_1_3' title="bbox 192 3311 1016 3559">
     <span class='ocr_line' id='line_1_37' title="bbox 255 3311 923 3392; baseline 0.003 -18"><span class='ocrx_word' id='word_1_232' title='bbox 255 3311 370 3388; x_wconf 85' lang='lat' dir='ltr'>Figitur</span> <span class='ocrx_word' id='word_1_233' title='bbox 384 3313 424 3373; x_wconf 90' lang='lat' dir='ltr'>ad</span> <span class='ocrx_word' id='word_1_234' title='bbox 437 3314 573 3374; x_wconf 88' lang='lat' dir='ltr'>Laurens</span> <span class='ocrx_word' id='word_1_235' title='bbox 587 3315 701 3392; x_wconf 85' lang='lat' dir='ltr'>ingenti</span> <span class='ocrx_word' id='word_1_236' title='bbox 716 3315 839 3377; x_wconf 86' lang='lat' dir='ltr'>flamine</span> <span class='ocrx_word' id='word_1_237' title='bbox 852 3316 923 3376; x_wconf 91' lang='lat' dir='ltr'>litus</span> 
     </span>
     <span class='ocr_line' id='line_1_38' title="bbox 192 3394 1016 3475; baseline -0.007 -14"><span class='ocrx_word' id='word_1_238' title='bbox 192 3407 243 3461; x_wconf 82' lang='lat'>600</span> <span class='ocrx_word' id='word_1_239' title='bbox 297 3394 426 3474; x_wconf 89' lang='lat' dir='ltr'>Puppis,</span> <span class='ocrx_word' id='word_1_240' title='bbox 442 3403 472 3456; x_wconf 89' lang='lat' dir='ltr'>et</span> <span class='ocrx_word' id='word_1_241' title='bbox 486 3398 635 3473; x_wconf 89' lang='lat' dir='ltr'>expositis</span> <span class='ocrx_word' id='word_1_242' title='bbox 651 3399 791 3460; x_wconf 91' lang='lat' dir='ltr'>omnibns</span> <span class='ocrx_word' id='word_1_243' title='bbox 806 3400 915 3460; x_wconf 90' lang='lat' dir='ltr'>hausta</span> <span class='ocrx_word' id='word_1_244' title='bbox 929 3395 1016 3475; x_wconf 90' lang='lat' dir='ltr'>perit.</span> 
     </span>
     <span class='ocr_line' id='line_1_39' title="bbox 256 3479 912 3559; baseline 0.008 -22"><span class='ocrx_word' id='word_1_245' title='bbox 256 3479 320 3538; x_wconf 88' lang='lat' dir='ltr'>lum</span> <span class='ocrx_word' id='word_1_246' title='bbox 338 3481 407 3556; x_wconf 87' lang='lat' dir='ltr'>pius</span> <span class='ocrx_word' id='word_1_247' title='bbox 421 3482 544 3542; x_wconf 86' lang='lat' dir='ltr'>Aeneas</span> <span class='ocrx_word' id='word_1_248' title='bbox 559 3497 654 3558; x_wconf 86' lang='lat' dir='ltr'>regno</span> <span class='ocrx_word' id='word_1_249' title='bbox 669 3489 802 3559; x_wconf 88' lang='lat' dir='ltr'>nataque</span> <span class='ocrx_word' id='word_1_250' title='bbox 815 3483 912 3544; x_wconf 87' lang='lat' dir='ltr'>Latini</span> 
     </span>
    </p>
   </div>
   <div class='ocr_carea' id='block_1_4' title="bbox 0 0 1252 3926">
    <p class='ocr_par' dir='ltr' id='par_1_4' title="bbox 0 0 1252 3926">
     <span class='ocr_line' id='line_1_40' title="bbox 0 0 1252 3926; baseline 0 0"><span class='ocrx_word' id='word_1_251' title='bbox 0 0 1252 3926; x_wconf 95' lang='lat' dir='ltr'> </span> 
     </span>
    </p>
   </div>
  </div>
 </body>
</html>
