2450 3932
144 209 173 248 π
528 193 767 246 inaurium.

145 349 185 384 res
194 334 338 384 contemta
348 333 494 391 emendata,
509 347 575 395 qnae
583 346 665 393 neque
679 330 789 394 indicio,
800 343 883 390 neque
897 328 1071 392 disputatione
1081 340 1167 394 egent,

146 401 327 466 orthographia
337 417 371 452 ex
380 401 483 450 arbitrio
492 401 598 465 panium
607 399 749 450 sublevata.

213 471 254 520 lix
266 471 347 520 Ponto
363 469 421 520 libri
437 469 497 518 editi
513 469 622 518 suntad
638 477 754 517 codicem
768 467 800 517 ab
808 466 912 516 Heinsio
926 463 1106 515 Sarravianum
1122 479 1168 529 np-

146 539 266 605 peliatum
282 546 307 586 et
321 552 390 589 saec.
400 535 436 586 IX
449 535 520 586 haud
536 538 629 586 intorta
643 536 818 594 aestimatum,
841 535 887 597 qni
900 549 967 584 nunc
980 542 1018 584 est
1031 533 1094 586 bibl.
1108 534 1166 584 urb.

147 606 354 670 iiomburgenais.
379 605 439 654 liius
453 605 620 655 bibliothecae
634 611 777 654 curatorum
793 611 818 652 et
834 601 1037 667 praefectorum,
1054 603 1169 662 virorum

145 675 360 740 amplissimorum
370 675 589 733 doctissimorum,
599 681 695 736 quanta
703 686 763 737 pars
774 671 852 722 luerit
862 673 889 720 iu
901 671 1014 722 ornanda
1022 669 1071 720 bac
1080 669 1170 735 opella

117 747 120 752 '
148 752 172 794 et
186 749 281 806 quanta
295 743 400 792 editoris
414 757 445 792 eo
459 742 561 791 nomine
570 742 708 806 obligatio,
725 739 833 805 intelligi
845 740 922 790 velim
935 755 966 789 ex
978 739 1170 788 accurataiibrl

147 812 234 861 eximii
243 810 421 875 descriptione.
458 810 601 860 Voluminie
611 810 707 860 formae
716 809 845 858 maximae
854 807 898 856 alti
909 807 1002 873 pedem
1010 821 1089 856 unum
1099 807 1170 872 digi-

148 887 325 942 torquatum,
337 878 380 928 loti
389 879 489 942 pedem,
500 877 562 927 lolia
570 879 656 942 priora
668 876 791 936 CCXXII,
804 877 982 938 quaterniones
992 875 1098 940 pellium
1108 874 1170 938 (qui

148 956 206 998 sunt
218 957 381 1009 octonorum,
396 947 520 1009 septimus
530 947 618 996 darem
630 946 761 1008 loliorum)
774 945 866 1009 viginti
877 953 973 1010 septem
983 958 1041 996 oum
1055 943 1169 998 timidio

74 1073 76 1077 .
148 1017 275 1067 continent
282 1015 417 1081 Virgilium
425 1016 552 1079 lnoegrnm
561 1031 619 1066 oum
629 1015 717 1066 Servio
728 1029 779 1066 nou
789 1014 897 1078 integro.
913 1013 1041 1064 adnexum
1050 1019 1090 1061 eat
1099 1024 1169 1076 opus

148 1085 314 1147 Ouidianum,
330 1097 381 1135 nott
395 1083 514 1135 contiuua
527 1085 629 1147 qnidam
643 1087 669 1136 iu
687 1084 848 1143 membrana,
865 1082 912 1132 sed
929 1091 1013 1133 tamon
1031 1080 1169 1144 persimili,

148 1161 173 1202 et
186 1153 317 1211 manibus,
332 1160 487 1211 mmmmm,
501 1153 598 1217 regulis
614 1153 706 1206 iisdem
716 1159 857 1205 armatum
888 1150 949 1202 iulia
960 1149 1169 1222 suutduodetri-

148 1223 233 1288 ginta,
246 1222 424 1283 quaterniones
436 1229 553 1272 trusam
563 1222 712 1286 dimidiato,
728 1235 836 1284 quorum
847 1221 912 1272 duos
922 1227 1064 1284 postremos
1073 1219 1170 1270 biblio-

148 1305 230 1355 pegus
241 1291 404 1355 permutavit.
424 1289 565 1355 Margiana,
581 1304 643 1354 pars
653 1289 713 1355 plus
726 1305 802 1352 quatu
817 1287 923 1339 dimidio
934 1288 1101 1352 paginarum,
1118 1302 1169 1337 va-

150 1366 214 1408 cant.
235 1372 325 1410 remus
339 1358 366 1408 in
380 1357 483 1423 paginis
494 1356 643 1421 plerumque
656 1359 761 1420 triceni,
779 1357 930 1422 pentametri
947 1357 1046 1406 reducti
1065 1370 1080 1404 a
1096 1370 1169 1406 utar-

149 1428 223 1492 gine‚
234 1427 358 1476 interdum
367 1426 505 1476 buametn'
515 1440 562 1490 pro
572 1426 638 1490 titis,
650 1427 673 1476 si
684 1427 741 1489 quis
749 1434 906 1491 pentameter
914 1425 1025 1488 excidit,
1038 1423 1127 1476 veluti
1138 1421 1168 1488 2,

148 1493 262 1560 36-40,
270 1491 384 1558 86-90,
393 1491 421 1560 8,
430 1491 544 1545 20-42.
563 1502 711 1560 argumento
721 1495 795 1546 idest
804 1496 829 1544 in
839 1493 974 1558 archetypo
984 1493 1102 1542 reductos
1113 1507 1168 1542 uon

150 1564 246 1628 luisse,
264 1563 340 1626 idque
350 1563 376 1611 in
387 1559 437 1616 118
447 1561 575 1627 prioribus
587 1565 678 1629 viginti
690 1572 808 1626 quattuor
820 1562 935 1616 versibus
946 1560 1029 1614 scriba
1040 1560 1167 1610 imitatus

150 1630 277 1696 Scriptura
292 1630 427 1680 luculente.
449 1629 571 1695 capitales
582 1631 679 1682 litterae
691 1633 746 1682 eius
757 1631 810 1681 lare
825 1631 930 1690 tornae,
943 1628 1033 1693 quales
1046 1628 1167 1681 intituli·

151 1701 262 1764 priorum
272 1697 421 1763 cromam,
432 1699 497 1748 Fast.
510 1701 599 1748 Praen.
608 1740 616 1762 ,
625 1701 675 1752 vol.
686 1698 921 1753 Herculanensibus.
940 1698 967 1748 A
980 1713 1031 1752 nou
1046 1695 1158 1762 ligatum

151 1769 260 1818 minores
268 1767 365 1831 primm
375 1765 566 1834 l'aroiingorum
576 1770 679 1831 aetatis,
688 1771 699 1818 l
708 1781 817 1834 superne
827 1767 953 1831 spissum,
962 1781 981 1833 p
990 1767 1169 1819 sinistrorsum

151 1844 280 1902 opertum,
293 1843 305 1888 t.
316 1835 391 1900 plane
402 1850 536 1902 graecum
554 1839 565 1886 i
576 1839 631 1886 sine
642 1844 749 1901 puncto,
766 1838 786 1886 d
796 1843 820 1885 et
831 1851 846 1884 r
858 1834 936 1884 semel
948 1835 1065 1886 rotunda.
1083 1847 1169 1896 quae.

152 1906 210 1958 dam
220 1905 251 1956 de
261 1904 362 1969 capitali
371 1919 464 1969 genere
472 1905 630 1970 intermixta,
641 1913 668 1956 ut
676 1907 752 1956 etiam
762 1905 943 1969 longobardica
953 1901 1082 1968 nonnulla,
1093 1901 1169 1953 reiut

151 1989 183 2024 ro
194 1972 350 2024 sintiiiimum
362 1981 400 2022 est
411 1988 462 2038 aar,
481 1989 499 2022 a
512 1974 595 2024 simile
613 1989 642 2026 ec
653 1981 678 2023 et
688 1974 839 2037 aliquotiens
848 1972 913 2024 haec
923 1979 1073 2036 pennutata.
1094 1970 1170 2022 Sori-

151 2049 241 2106 ptnrae
255 2042 405 2106 compendia
419 2049 444 2091 et
459 2056 517 2092 rara
529 2053 553 2092 et
567 2043 692 2107 simplicia
705 2043 850 2097 admodum.
870 2041 1022 2104 aliquotiens
1035 2055 1050 2092 e
1061 2054 1108 2104 pro
1121 2056 1170 2099 oe,

153 2117 177 2160 et
186 2111 236 2174 ita,
246 2118 274 2160 ut
282 2109 448 2176 intelligatur,
457 2111 508 2160 iam
517 2111 543 2160 in
552 2109 689 2178 archatypo
698 2111 787 2164 luisse.
802 2110 882 2176 siglae
892 2108 1171 2174 pmetercottsaetissi-

152 2193 208 2230 mas
217 2179 448 2245 praepositionum,
457 2179 652 2246 particularum,
669 2181 845 2247 pronominum
855 2186 880 2229 et
895 2178 1049 2244 syllabarum
1057 2193 1088 2226 ar
1098 2186 1125 2228 et
1134 2193 1172 2228 ue

153 2246 236 2298 nullae
246 2254 344 2312 praeter
353 2249 491 2308 sicilicum,
503 2249 546 2312 qui
557 2265 604 2310 eo,
618 2265 660 2310 er,
672 2257 711 2306 et,
728 2250 763 2313 t's,
773 2250 806 2308 it,
819 2257 859 2313 et,
872 2263 919 2312 uo,
929 2254 985 2310 ont,
998 2253 1023 2298 et
1034 2247 1114 2298 semel
1125 2262 1172 2298 aare

153 2315 288 2382 significat.
316 2316 446 2368 Vocabula
461 2317 586 2382 dirempta
602 2333 652 2369 non
665 2318 760 2379 ubique
777 2324 801 2366 et
818 2331 950 2380 perperam
969 2329 1170 2380 saepenumero,

152 2385 221 2448 quod
238 2384 273 2434 ita
287 2384 343 2434 itari
356 2386 398 2436 vix
410 2387 498 2450 potnit,
511 2387 561 2436 nisi
573 2387 736 2452 archetypam
748 2385 892 2436 continuam
903 2387 1051 2450 scripturam
1064 2383 1170 2434 habuit.

152 2453 315 2516 quamobrem
329 2454 395 2516 quod
409 2455 501 2520 alpius,
511 2455 736 2520 aequisconiunota
746 2468 845 2519 sempor
859 2461 944 2504 extant
960 2467 1010 2503 non
1025 2453 1113 2517 magni
1128 2461 1174 2503 est

153 2521 280 2576 momenti.
296 2530 426 2576 esttamen
436 2525 479 2574 ubi
486 2521 586 2589 hyphen
595 2533 620 2574 et
628 2538 726 2576 comma
735 2523 869 2588 iungendis
878 2532 922 2572 aut
929 2521 1076 2586 separandis
1085 2521 1173 2587 sylla-

152 2592 192 2641 bis
200 2591 269 2642 idem
278 2591 393 2656 librarius
402 2591 469 2644 houd
478 2592 577 2642 indocte
586 2593 715 2657 apposuit,
726 2592 770 2654 qni
780 2593 806 2642 in
815 2590 962 2657 vulgaribus
973 2591 1064 2642 totiens
1073 2589 1173 2654 lapsus

154 2666 200 2710 ost.
220 2661 321 2710 Praeter
328 2659 392 2712 haec
400 2661 473 2726 signa
483 2668 509 2711 et
517 2668 639 2724 prunetum
650 2660 759 2726 simplex
768 2661 809 2712 vel
818 2662 986 2726 geminatum,
995 2659 1038 2711 ubi
1049 2658 1112 2721 qnid
1120 2675 1174 2709 ox-

153 2727 228 2792 ciiiit,
245 2735 269 2776 et
277 2737 394 2780 accentus
403 2731 526 2792 quosdam
537 2731 562 2783 is
574 2729 772 2782 interiectioned
786 2737 810 2780 et
820 2732 845 2778 in
854 2719 973 2782 nascemt‘
985 2723 1091 2792 18‚63,
1104 2731 1175 2779 etin

153 2796 358 2860 quaternionibus
383 2801 518 2862 postremis
542 2799 658 2851 versibus
681 2800 802 2850 extremis
826 2806 920 2862 puncta
943 2809 1050 2862 superus
1069 2797 1174 2863 posita,

155 2865 223 2928 quod
238 2865 263 2914 in
273 2865 380 2930 Virgilio
390 2867 457 2920 idem
466 2867 507 2928 iit,
523 2868 730 2932 interpunctionis
741 2867 838 2918 nttilum
848 2867 923 2932 plano
934 2867 1082 2931 vosagium,
1098 2881 1175 2928 quae

154 2935 181 2984 in
188 2933 296 2999 Virgilio
307 2933 424 2998 frequens
434 2946 460 2986 et
472 2937 559 2998 docte,
576 2944 604 2988 ut
616 2938 730 2998 videtur,
746 2937 793 2986 sed
806 2937 838 2986 ab
848 2936 899 2986 alia
910 2949 987 2988 manu
998 2932 1177 2999 deprehendi-

155 3010 203 3052 tur.
224 3002 324 3056 rcliotae
342 3005 417 3054 etiam
429 3005 532 3058 lacunas
548 3005 673 3070 quaedam
688 3015 713 3056 et
727 3021 845 3071 rasurae,
865 3021 930 3069 quac
943 3004 1047 3056 alterata
1061 3015 1175 3054 manunt

155 3073 327 3137 spectavisse
335 3073 458 3124 videntur.
478 3074 554 3128 'l'ituli
562 3076 692 3136 librorum,
702 3089 765 3138 quos
774 3074 919 3139 probandos
929 3073 1026 3138 putavi,
1037 3079 1061 3122 et
1071 3071 1176 3136 episto·

155 3141 253 3200 larum,
267 3156 330 3204 quos
340 3142 409 3194 nolui
418 3145 544 3210 abiicere,
560 3145 585 3195 ln
596 3145 720 3210 prioribus
729 3144 831 3209 paginis
838 3143 988 3208 plenumque
999 3141 1102 3204 desunt,
1120 3139 1175 3190 ali-

157 3211 272 3274 quotiens
282 3211 359 3262 minio
371 3213 454 3280 dueta,
465 3217 490 3264 in
502 3215 637 3280 postremis
643 3213 849 3278 qnatemionibns
857 3213 888 3262 ab
899 3212 956 3277 ipso
965 3209 1066 3261 librario
1074 3209 1174 3259 eodem

156 3288 292 3330 atramento
303 3282 396 3346 scripto
408 3293 475 3334 suut.
495 3283 591 3334 Desunt
601 3297 666 3345 quae
676 3281 793 3332 Heinsius
804 3281 934 3333 indicarit.

224 3349 296 3401 Fides
307 3349 400 3400 codicis
409 3352 466 3418 ipsa
475 3360 599 3404 vetustata
608 3353 696 3405 maior.
708 3351 779 3403 Vitia
788 3359 849 3400 strat
861 3348 1027 3416 ignorantiae,
1039 3346 1174 3398 interdum

158 3418 337 3476 festinationis,
351 3418 477 3485 syllabae,
493 3436 581 3484 voces,
597 3420 713 3484 iteratae,
730 3423 854 3477 omissae,
869 3432 957 3472 versus
964 3413 1096 3480 suppressi
1107 3429 1177 3478 pro-

147 3493 211 3551 'pter
219 3487 300 3538 simila
310 3487 424 3554 initium,
439 3491 448 3539 l
459 3487 550 3554 236,
562 3487 619 3554 116,
630 3485 678 3554 ³0,
695 3497 738 3538 aut
753 3495 856 3553 propter
869 3487 965 3542 similes
979 3483 1105 3536 subiectas
1118 3483 1175 3548 spl-
