2372 3928
290 204 347 311 iv,
373 235 427 310 12,
451 233 569 308 1-13,
590 236 640 296 er.
920 237 976 300 mn

63 394 138 468 Quam
151 398 197 452 tuo
215 388 277 450 sint
292 390 382 464 lapso
399 389 581 464 praecordia
595 389 672 449 dora
687 391 795 451 sodali.

91 476 139 536 Hic
152 475 288 534 romulus
304 474 418 534 nostris
434 471 514 532 absit
528 473 678 548 obestque
692 474 789 534 malis.

62 563 95 620 Ta
107 558 188 618 modo
205 573 262 632 per
277 573 417 632 superos
439 573 568 632 quorum
583 557 772 618 certissimus
788 558 837 618 illc
853 565 907 630 est

34 655 57 707 lt
96 642 151 716 Quo
166 647 234 702 tuus
251 641 378 701 assidue
394 639 531 716 principe
546 640 642 701 erevit
655 641 762 712 honor,

62 727 138 786 llice
151 725 302 786 constanti
318 725 479 800 profugum
495 723 607 799 pietate
622 725 745 796 tuendo,

91 809 127 869 Ne
140 815 260 886 sperata
274 825 374 868 meam
389 807 511 866 deserat
526 823 599 868 aura
612 814 718 868 ratem.

62 893 123 967 Quid
136 893 288 966 mandem,
311 891 456 966 quaerist
478 907 615 966 peream,
639 891 698 952 nisi
713 891 816 951 dicere
831 891 883 950 vix
898 897 973 953 est...
1073 877 1076 888 ’
1169 867 1170 948 l

93 976 120 1036 Si
132 977 230 1050 modo,
254 975 305 1051 qui
322 975 418 1052 periit,
442 973 492 1034 ille
511 975 609 1050 perire
625 982 736 1049 potest.
941 1050 945 1060 1

34 1060 118 1131 oleo,
140 1061 210 1135 quid
224 1076 323 1135 egam,
345 1059 478 1132 invenio,
501 1074 558 1118 nee
574 1059 648 1133 quid
662 1060 795 1119 nolimve
809 1061 948 1134 velimve,

90 1144 143 1204 llec
156 1145 230 1204 satis
245 1145 359 1205 utilitas
375 1149 422 1203 est
437 1157 505 1202 mea
519 1149 591 1202 nota
605 1142 687 1202 mihi.

62 1227 141 1288 Crede
153 1228 234 1299 mihi,
257 1228 388 1288 miseros
405 1227 566 1302 prudentia
581 1227 678 1302 prima
693 1227 844 1303 relinquit,

91 1311 122 1371 lJt
133 1327 241 1372 sensus
257 1328 326 1375 cum
340 1327 375 1370 re
390 1310 614 1387 consiliumque
629 1313 712 1388 fugit.

61 1394 124 1470 lpse,
144 1411 261 1470 precor,
287 1411 428 1472 quaeras,
452 1395 585 1472 quasin
600 1396 652 1456 tibi
668 1402 753 1472 parte
768 1396 926 1470 iuvandas,

34 1486 57 1538 ll
95 1477 213 1555 Quoque
230 1480 314 1540 viam
330 1480 426 1541 lacias
442 1480 483 1540 ad
497 1495 565 1538 mea
581 1486 652 1540 vota
667 1480 757 1540 vado.

15 1583 53 1680 ll.
95 1624 219 1687 cano.
848 1616 869 1651 ·

66 1703 163 1803 (lathi
179 1758 240 1804 non
255 1743 367 1804 dubios
383 1744 460 1803 inter
475 1742 671 1803 memorande
685 1743 820 1815 sodales,

94 1825 210 1904 Quique,
234 1828 466 1904 quotiesque,
489 1827 572 1901 Care,
595 1826 726 1900 vocaris,
750 1841 817 1885 are.

62 1907 134 1970 llnde
147 1911 297 1985 saluteris,
320 1913 406 1974 color
419 1912 469 1972 hic
483 1912 536 1972 tibi
552 1910 690 1986 protInus
704 1910 798 1970 index

92 1992 123 2054 m
135 2003 286 2057 structura
300 1996 359 2056 mei
374 1995 516 2055 carminis
534 2011 606 2055 esse
615 2001 732 2069 potest.

42 2074 112 2138 tllon
127 2081 194 2156 quia
207 2080 335 2140 mirilico
349 2086 404 2153 est,
427 2081 484 2140 sed
500 2080 584 2155 quod
598 2093 655 2138 nee
671 2079 794 2153 publiea
808 2086 905 2140 certe:

93 2161 187 2236 Qualis
203 2164 284 2222 enirn
299 2177 429 2238 cumque
445 2171 499 2236 est,
523 2178 583 2223 non
600 2164 671 2224 latet
685 2179 756 2224 esse
773 2179 881 2224 meam.

61 2243 117 2316 lpse
131 2263 262 2323 quoque,
284 2251 317 2306 ut
331 2247 455 2307 chartae
466 2247 582 2308 titulum
598 2248 637 2306 de
654 2247 752 2309 lronte
766 2249 896 2310 revellas

92 2327 171 2400 Quod
185 2331 225 2391 sit
239 2346 335 2405 opus,
356 2331 464 2392 videor
479 2332 580 2391 dicere
596 2346 700 2408 posse,
722 2339 816 2393 tumn.

60 2409 211 2483 Quamlibet
224 2414 255 2473 in
270 2414 372 2475 multis
389 2416 507 2491 positus
523 2430 652 2475 noscere
668 2415 787 2490 libellis,

31 2495 52 2546 ll
90 2494 199 2573 Perque
215 2497 396 2568 observatas
411 2500 566 2559 inveniere
581 2505 680 2558 notas.

57 2575 173 2641 Proderit
186 2589 343 2643 auctorem
359 2585 447 2657 vires,
472 2599 549 2659 quas
566 2583 693 2643 Hercule
709 2583 816 2657 dignas

88 2663 229 2726 Novimus
245 2674 337 2742 atque
353 2666 403 2738 illi,
423 2683 514 2741 quem
529 2667 623 2738 canis,
647 2681 717 2727 esse
733 2682 833 2742 pares.

55 2742 84 2804 Et
96 2763 161 2808 mea
175 2749 265 2810 Musa
281 2756 382 2826 potest
397 2753 523 2827 proprio
540 2753 693 2826 deprensa
709 2753 822 2826 colore,

89 2830 214 2908 insignis
231 2834 312 2894 vitiis
328 2835 456 2895 forsitan
475 2851 546 2894 esse
562 2836 636 2907 suis,

26 2910 116 2974 illam
129 2917 210 2978 mala
222 2917 382 2982 Thersiten
399 2918 580 2994 prohibebat
597 2920 693 2978 lorma
707 2919 809 2991 latere,

87 2997 180 3071 Quam
195 3001 324 3076 pulchra
338 3002 449 3062 Nireus
461 3002 706 3076 conspiciendus
723 3003 796 3062 erat.

54 3077 106 3139 llec
121 3089 149 3143 te
164 3085 276 3160 mirari,
299 3086 325 3144 si
341 3085 402 3146 sint
417 3086 535 3160 vitiosa,
559 3085 680 3144 decebit

87 3165 234 3242 Carmina,
259 3183 338 3244 quae
354 3169 462 3229 laeiam
479 3185 576 3244 paene
593 3176 683 3244 poeta
698 3168 800 3229 Getes.

53 3248 88 3304 A!
111 3251 215 3326 pudet,
238 3260 268 3314 et
282 3251 388 3312 Getico
404 3253 514 3329 scripsi
530 3264 671 3313 sermone
688 3253 829 3325 libellum,

19 3329 44 3386 lt
83 3330 267 3411 Structoque
282 3344 353 3397 sont
367 3337 479 3397 nostris
494 3336 626 3396 barbara
641 3335 735 3396 verba
749 3337 847 3396 modis

50 3413 82 3473 m
95 3418 227 3492 placui..
248 3426 370 3494 gratare
384 3421 486 3480 milri...
503 3419 655 3496 coepique
671 3428 780 3495 poetae

84 3499 169 3561 lnter
182 3503 365 3564 inhumanos
380 3521 490 3565 nornen
506 3502 618 3564 habere
634 3505 735 3564 Getae.

724 3587 779 3647 13*
