2394 3940
199 239 263 306 -132
600 235 660 296 Ex
685 232 832 295 PONTO

236 404 270 456 ιο
326 392 464 464 cumque
480 379 555 447 meis
571 386 705 448 lacrimis
721 384 843 446 miscuit
858 402 957 461 usque
972 402 1061 448 suas.

286 475 326 536 0!
351 473 493 551 quotiens
507 471 589 531 vitae
604 477 710 532 custos
725 470 845 530 invisus
861 485 985 530 amarae

325 558 479 621 Continuit
493 563 652 633 promptas
667 555 698 614 in
712 565 781 614 mea
796 554 858 614 lata
872 563 998 615 manus!

284 642 323 703 0!
347 643 488 718 quotiens
503 641 587 715 dixit
612 637 784 716 ‘placabilis
800 638 845 698 ira
859 639 988 700 deorum
1003 645 1062 700 est.

325 728 415 802 Vive,
437 741 495 786 nec
509 723 627 801 ignosci
641 729 674 786 ιιι
686 723 741 782 tibi
756 737 852 798 posse
867 727 968 797 nega?

237 823 271 876 ιι
285 815 357 873 Vox
371 819 473 872 tamen
487 809 539 868 illa
554 807 608 868 suit
626 807 832 881 celeberrima,
854 808 997 882 respice,
1021 815 1158 883 quantum

326 897 444 956 Debeat
457 893 604 954 auxilium
617 891 769 955 Maximus
785 905 859 952 esse
873 891 949 952 tibi?

282 981 434 1042 Maximus
450 977 612 1049 incumbet,
637 991 759 1050 quaque
774 983 822 1035 est
835 977 956 1051 pietate,
979 976 1110 1052 rogabit,

324 1066 368 1123 Ne
384 1064 422 1124 sit
436 1063 477 1122 ad
492 1068 660 1122 extremum
676 1059 817 1120 Caesaris
832 1060 879 1122 ira
893 1067 1001 1120 tenax

288 1150 424 1224 Cumque
440 1147 504 1208 suis
520 1145 621 1205 fratris
636 1145 719 1204 vires
733 1143 899 1218 adhibebit,
923 1150 953 1205 et
968 1160 1101 1218 omnem,

238 1243 273 1296 30
327 1233 393 1306 Quo
408 1229 508 1291 levius
522 1231 640 1303 doleas,
664 1228 838 1304 experietur
854 1232 966 1305 opem?

284 1318 368 1376 Haec
383 1314 455 1374 mihi
471 1312 564 1374 verba
577 1315 675 1374 malae
690 1314 862 1376 minuerunt
875 1313 978 1374 taedia
992 1313 1087 1373 vitae.

327 1401 410 1474 Quae
424 1406 458 1459 tu
472 1415 510 1458 ne
525 1399 643 1472 luerint,
665 1397 807 1472 Maxime,
829 1397 909 1458 vana
925 1413 1012 1458 cave.

285 1485 351 1545 Huc
367 1499 490 1560 quoque
504 1490 663 1544 venturum
678 1482 750 1542 milri
766 1498 801 1543 se
815 1482 917 1543 iurare
932 1482 1063 1557 solebat,

325 1569 392 1629 Non
407 1568 465 1628 nisi
480 1575 509 1628 te
524 1569 633 1643 longae
648 1569 695 1627 ius
711 1567 768 1627 sibi
782 1568 874 1628 dante
888 1567 966 1626 viae.

237 1661 270 1716 35
284 1655 359 1714 Nam
372 1661 425 1713 tua
439 1669 500 1712 nan
516 1652 576 1712 alio
592 1653 686 1714 caluit
699 1651 866 1727 penetralia
880 1651 946 1724 ritu,

327 1741 487 1798 Terrarum
502 1737 643 1798 dominos
659 1751 751 1811 quatu
769 1735 844 1795 colis
860 1735 928 1810 ipse
943 1735 1033 1796 deos.

288 1823 386 1884 Crede
400 1822 482 1895 mihi,
504 1823 615 1881 multos
631 1819 746 1880 habeas
763 1837 830 1880 cum
846 1819 956 1895 dignus
972 1821 1103 1894 amicos,

324 1906 391 1967 Non
406 1907 463 1966 luit
476 1921 494 1965 e
508 1905 609 1966 multis
626 1903 761 1980 qualibet
775 1905 825 1964 ille
840 1904 946 1965 minor.

289 1990 321 2051 Si
336 1991 428 2051 made
445 2005 506 2049 non
523 2005 634 2051 census
649 2004 706 2050 nec
721 1990 837 2048 clarum
852 2005 961 2050 nomen
979 2005 1120 2064 avorum,

239 2083 273 2136 ιο
328 2072 391 2134 Sed
406 2075 542 2148 probitas
557 2089 686 2148 magnos
701 2073 916 2150 ingeniumque
929 2073 1011 2133 facit.

286 2159 355 2218 lure
369 2157 460 2232 igitur
474 2157 614 2217 lacrimas
630 2157 720 2218 Celso
735 2158 865 2218 libamus
880 2158 1037 2233 adempto,

328 2243 402 2303 Cum
416 2243 560 2316 lugerem,
583 2242 654 2302 vivo
671 2259 748 2318 quas
765 2243 848 2302 dedit
861 2243 912 2324 ille
927 2243 1015 2302 mihi:

288 2326 426 2389 Carmina
441 2325 506 2386 iure
522 2326 630 2387 damus
645 2343 732 2386 rarus
749 2327 890 2386 testantia
905 2343 1016 2402 meree,

328 2413 368 2473 Ut
380 2419 432 2472 tua
446 2413 564 2472 venturi
578 2412 708 2483 nomina,
733 2409 829 2483 celse,
852 2410 963 2486 legant.

238 2507 273 2561 45
287 2497 354 2558 Hoc
369 2503 425 2573 est,
449 2497 532 2572 quod
546 2497 665 2572 possim
682 2494 792 2555 Geticis
807 2493 860 2554 tibi
875 2495 993 2556 mittere
1008 2495 1048 2554 ab
1064 2495 1148 2554 arvis

328 2582 395 2641 Hac
407 2581 510 2642 salum
525 2588 581 2654 est,
604 2581 673 2640 istic
688 2581 770 2653 quod
785 2579 882 2658 liquet
896 2595 967 2640 esse
981 2595 1097 2642 meum.

287 2665 406 2726 Funera
420 2680 482 2724 nen
497 2665 581 2739 patui
597 2665 749 2736 comitare,
773 2679 830 2722 nec
844 2679 959 2740 ungere
976 2679 1112 2744 corpus:

328 2751 419 2822 Aque
433 2748 494 2806 tuis
509 2755 572 2807 ιοιο
589 2748 710 2808 dividor
726 2747 800 2807 orbe
814 2749 908 2824 rogis.

290 2833 346 2906 Qui
361 2831 466 2907 putuit,
489 2848 579 2908 quem
594 2839 626 2892 tu
641 2848 696 2907 pro
712 2833 835 2892 numine
850 2834 938 2893 vivus
953 2831 1109 2907 habebaS,

239 2926 274 2978 50
329 2915 480 2978 Praestitit
494 2917 628 2978 officium
642 2917 793 2978 Maximus
810 2933 900 2977 amne
913 2917 977 2978 tibi.

288 3001 341 3060 llle
356 3001 410 3060 tibi
425 3002 572 3076 exequias
588 3010 618 3062 et
634 3001 735 3076 magni
751 3001 841 3062 lunus
856 3002 984 3063 honoris

328 3083 420 3160 Fecit,
443 3086 516 3146 etin
531 3087 651 3163 gelidos
666 3085 761 3145 versit
775 3102 896 3147 amoma
911 3087 1007 3160 sinae,

288 3169 380 3228 Diluit
395 3176 424 3229 et
439 3171 569 3232 lacrimis
585 3186 724 3231 maerens
739 3177 894 3246 unguenta
909 3169 1058 3247 profusis,

332 3251 473 3328 Ossaque
487 3255 588 3315 uicina
603 3255 726 3315 condite
740 3255 816 3314 texit
829 3256 933 3316 humo.

239 3345 272 3399 55
289 3337 504 3413 quiquoniam
520 3339 670 3412 extinctis,
695 3355 774 3415 quae
789 3339 890 3413 debet,
912 3341 1052 3416 praestat
1066 3339 1181 3400 amicis

327 3423 364 3482 Et
378 3439 435 3484 nos
450 3424 590 3484 extinctIs
606 3423 805 3484 adnumerare
821 3430 933 3501 potest,

611 3570 813 3580 u—-u--n--n
