2394 3940
204 201 265 265 122
599 197 658 256 EX
679 194 826 255 PONTO

230 353 273 445 l.
329 383 483 446 uxori

284 483 352 578 lam
367 517 439 578 mihi
453 518 586 580 deterior
601 515 685 576 canis
700 515 872 590 aspergitur
886 523 989 575 aetas=

326 604 452 676 lamque
465 617 554 662 meos
567 601 669 660 vultus
684 615 762 673 ruga
776 599 882 659 senilis
897 606 979 658 arat=

284 688 346 746 lam
362 687 449 761 vigor
464 693 494 745 et
509 699 624 759 quasso
639 681 784 756 languent
797 683 827 741 in
844 697 975 757 corpore
989 682 1082 740 vires:

325 770 397 844 Nec,
421 769 523 828 iuveni
538 770 623 828 lusus
640 767 691 842 qui
707 768 860 842 placuere,
883 767 997 826 iuvant.

255 854 354 928 olleo,
376 853 403 912 si
418 867 467 912 me
481 852 581 912 subito
598 851 714 925 videas,
738 865 907 924 agnoscere
921 849 1043 925 possis:

325 936 443 996 Aetatis
458 937 538 996 lacta
553 941 600 996 est
613 941 695 995 tanta
709 934 797 994 ruina
812 949 908 993 meae.

286 1019 438 1081 Confiteor
452 1020 554 1078 lacere
567 1019 627 1079 hoc
643 1034 750 1078 annos.
782 1017 839 1077 sed
853 1023 883 1076 et
897 1017 994 1077 altera
1010 1031 1098 1076 causa
1110 1021 1153 1089 est,

324 1103 473 1164 Anxietas
488 1101 578 1162 animi
594 1103 818 1176 continuusque
832 1100 928 1160 labor.

284 1187 359 1246 Nam
374 1201 443 1246 mea
459 1202 514 1262 per
527 1187 638 1260 longos
655 1185 681 1244 si
697 1185 766 1259 quis
780 1185 861 1244 mala
876 1184 994 1260 digerat
1007 1201 1110 1257 annos,

244 1283 277 1335 lo
330 1270 427 1330 Crede
442 1269 524 1344 mihi,
545 1269 632 1348 Pylio
646 1267 776 1328 Nestore
790 1268 887 1328 maior
901 1284 965 1329 ero.

285 1354 390 1413 Cernis
405 1354 482 1413 utin
499 1354 623 1414 duris
639 1360 669 1412 et
684 1353 755 1426 quid
770 1353 852 1412 bove
866 1351 1042 1412 firmiusl...
1057 1352 1130 1412 ervis

325 1435 428 1498 Fortia
441 1445 596 1498 taurorum
611 1452 743 1512 corpora
757 1437 876 1510 frangat
891 1451 979 1511 opus

285 1521 367 1597 Quae
382 1537 547 1596 numquam
564 1536 662 1580 vacuo
679 1520 769 1580 solita
783 1527 831 1579 cst
845 1535 969 1580 cessare
983 1521 1095 1594 novali,

324 1604 485 1664 Fructibus
500 1603 636 1664 assiduis
652 1605 736 1664 lassa
751 1605 886 1678 senescit
899 1603 1020 1664 humus.

244 1700 275 1750 ts
288 1687 422 1762 Occidet,
441 1687 481 1747 ad
496 1687 568 1751 circi
582 1688 679 1764 siquis
695 1687 860 1747 certamina
874 1703 996 1762 semper

208 1807 209 1814 κ
324 1773 392 1834 Non
407 1772 588 1833 intermissis
603 1771 745 1832 cursibus
759 1771 813 1830 ibit
827 1787 935 1846 equus.
1038 1807 1040 1811 -

282 1857 382 1916 Firma
396 1857 435 1916 sit
448 1855 499 1915 illa
513 1855 592 1931 licet
613 1857 750 1916 solvetur
765 1855 795 1914 in
810 1871 944 1930 aequore
959 1855 1059 1929 navis,

325 1941 409 2013 Quae
422 1955 588 2014 numquam
602 1939 726 2016 liquidis
742 1939 826 2000 sicca
840 1938 954 1999 carebit
968 1940 1070 2014 aquis.

281 2024 331 2083 Me
347 2039 472 2099 quoque
487 2022 622 2083 debilitat
637 2024 733 2083 series
748 2023 887 2082 inmensa
900 2023 1060 2098 malorum,

238 2119 276 2170 20
328 2107 407 2164 Ante
421 2121 523 2165 meum
538 2112 658 2180 tempus
674 2107 756 2181 cogit
770 2115 800 2168 ct
814 2122 887 2168 esse
900 2121 1018 2166 senem.

283 2187 350 2249 Otia
365 2204 480 2264 corpus
495 2191 587 2264 alunt,
611 2190 729 2250 animus
746 2207 870 2267 quoque
886 2190 1023 2266 pascitur
1037 2190 1109 2250 illis:

324 2273 500 2334 Inmodicus
516 2281 623 2334 contra
637 2275 735 2349 carpit
747 2281 908 2350 utrumque
922 2274 1020 2333 labor.

282 2355 407 2432 Aspice,
428 2358 458 2416 in
472 2357 529 2417 has
545 2357 641 2433 partis
657 2358 740 2432 quod
756 2357 873 2418 venerit
885 2358 1013 2419 Aesone
1028 2365 1125 2432 natus,

325 2442 421 2514 Quam
436 2443 557 2503 laudem
573 2458 591 2502 a
606 2457 676 2502 sera
691 2442 869 2515 posteritate
883 2441 970 2501 ferat.

237 2536 273 2588 25
283 2526 324 2584 At
338 2526 425 2587 labor
438 2526 518 2587 illius
534 2533 640 2586 nostro
656 2524 815 2599 leviorque
828 2525 988 2600 minorque
1004 2531 1062 2599 est,

324 2607 356 2668 Si
371 2611 463 2668 modo
479 2626 540 2670 non
555 2625 661 2670 verum
676 2608 799 2668 nomina
812 2625 923 2685 magna
937 2617 1090 2686 premunt.

281 2692 334 2750 Illo
350 2697 397 2750 est
411 2691 441 2749 in
455 2691 582 2752 Pontum
596 2691 679 2752 Pelia
693 2694 827 2755 mittente
842 2695 1007 2771 prolectas,

325 2773 380 2846 Qui
396 2773 447 2833 vix
461 2773 638 2834 Thessaliae
652 2777 713 2838 fine
728 2778 879 2839 timendus
895 2786 968 2839 erat.

282 2857 421 2918 Caesaris
436 2858 481 2918 ira
495 2858 569 2918 rnihi
583 2861 695 2936 nocuit,
720 2878 810 2936 quem
826 2862 902 2922 solis
917 2862 956 2920 ab
971 2868 1041 2922 ortu

236 2951 273 3004 30
327 2939 408 3002 Solis
423 2943 463 3002 ad
480 2958 611 3005 occasus
627 2950 757 3020 utraque
771 2951 851 3005 terra
865 2944 973 3004 tremit.

280 3024 413 3086 iunctior
426 3026 596 3088 Haemonia
610 3036 659 3088 est
672 3027 778 3103 Ponto,
800 3044 891 3103 quam
905 3027 1013 3103 Roma,
1033 3027 1167 3100 sinistro,

321 3108 359 3170 Et
373 3109 506 3187 brevius,
533 3127 624 3187 quam
639 3128 706 3184 nos,
729 3112 780 3171 ille
794 3110 914 3188 peregit
927 3113 992 3172 iter.

279 3191 333 3252 Ille
348 3192 452 3254 habuit
466 3196 593 3256 comites
609 3195 725 3270 primos
739 3196 857 3268 telluris
871 3195 1026 3256 Achivae:

321 3278 362 3334 At
376 3283 512 3338 nostram
528 3279 628 3338 cuncti
644 3279 810 3340 destituere
825 3281 937 3356 lugam.
998 3324 1003 3332 ,

234 3365 271 3418 35
282 3359 345 3421 Nos
360 3360 458 3435 fragili
473 3361 556 3436 ligno
573 3369 692 3423 vastum
709 3364 894 3424 sulcavimus
910 3377 1044 3439 aequora

320 3440 406 3518 Quae
420 3444 487 3505 tulit
499 3445 687 3516 Aesoniden.
710 3462 799 3508 sacra
813 3449 916 3508 carina
931 3447 997 3510 luit.
1023 3443 1024 3446 ’
