2394 3940
340 246 369 319 1,
389 243 423 318 2,
448 242 589 318 loa-3,
612 244 663 305 22.
944 242 1007 308 119

46 407 78 458 lto
122 397 173 458 Est
187 397 266 458 inter
281 397 408 456 comites
422 395 539 455 Marcia
555 411 650 456 censa
663 413 747 470 suas,

88 481 171 556 inque
184 481 250 542 suis
265 479 372 540 habuit
384 486 546 541 matertera
561 480 700 540 Caesaris
715 487 800 541 ante:

124 564 250 639 Quarum
266 564 379 623 iudicio
394 563 485 638 siqua
499 561 642 637 probata,
661 564 758 638 proba
772 567 829 622 est.

91 649 152 723 ipsa
165 663 222 708 sua
239 647 350 707 melior
363 648 459 718 lama,
475 645 671 707 laudantibus
689 647 766 721 istis,

125 731 245 790 Claudia
260 730 365 789 divina
379 745 441 790 non
457 729 594 804 eguisset
609 746 678 805 ope.

48 823 80 873 tlt
91 813 144 874 Nos
158 830 281 889 qnoque
295 814 478 889 praeteritos
493 813 560 873 sine
574 812 644 872 labe
659 814 832 889 peregimus
844 827 965 873 annos:

125 896 261 958 Proxima
275 913 349 971 pars
364 897 444 956 vitae
458 896 659 957 transilienda
672 913 769 956 meae.

91 979 144 1040 Sed
157 981 195 1040 de
209 996 258 1040 me
272 988 306 1040 ut
320 980 442 1051 sileam,
459 978 593 1038 coniunx
607 995 676 1040 mea
690 982 812 1041 sarcina
827 985 930 1040 vestra
943 985 1010 1040 estc

123 1063 185 1124 Non
199 1072 289 1140 potes
303 1065 384 1123 hanc
398 1063 486 1124 salva
500 1062 693 1126 dissimulare
707 1065 778 1126 lide.

92 1146 218 1222 Confugit
231 1148 309 1208 hacc
324 1148 364 1207 ad
380 1163 453 1220 voe,
467 1153 589 1207 vestras
603 1149 793 1224 amplectitur
807 1161 909 1206 aras...

51 1240 84 1290 iat
128 1231 189 1290 lure
203 1232 286 1292 venit
301 1233 399 1292 auritos
415 1231 455 1290 ad
469 1230 529 1290 sibi
545 1231 675 1307 quisque
690 1233 799 1292 deos...

92 1313 231 1390 Flensque
245 1322 348 1390 rogat,
364 1313 507 1390 precibus
523 1314 616 1374 lenito
632 1316 764 1376 Caesare
779 1314 901 1388 vestris

126 1397 215 1459 Busta
230 1399 277 1460 sui
292 1399 368 1459 fiant
380 1406 414 1458 ut
433 1398 581 1473 propiora
595 1399 660 1460 viri.

57 1579 84 1674 l.
128 1615 305 1679 annino.

95 1695 172 1796 Hanc
184 1738 235 1798 tibi
248 1739 331 1801 Naso
347 1749 415 1800 tuus
433 1743 533 1814 mittit,
550 1743 674 1816 Rufino,
689 1744 834 1801 salutcm=

129 1819 179 1894 out
192 1821 286 1883 miser
300 1831 362 1897 est,
377 1825 432 1884 ulli
446 1825 473 1885 si
488 1842 564 1886 suus
579 1841 652 1885 csse
668 1831 779 1899 potest.

94 1901 207 1964 Reddita
220 1908 368 1968 contusae
383 1923 481 1985 nuper
494 1909 611 1970 solacia
625 1909 717 1968 menti

128 1989 272 2049 Auxilium
286 1991 400 2052 nostris
416 2009 567 2068 spemque
581 1994 678 2053 tulere
692 1992 790 2052 malis.

74 2068 181 2147 othuc
194 2073 383 2136 Machaoniis
397 2076 560 2137 Poeantius
575 2076 690 2137 artibus
705 2075 798 2135 heros

130 2154 224 2216 Lenito
241 2159 392 2218 medicam
406 2163 532 2220 vulnere
547 2159 645 2221 sensit
660 2176 760 2236 opem,

97 2234 139 2296 Sic
150 2255 202 2315 ego
217 2249 318 2302 mente
332 2243 439 2302 iacens
454 2250 484 2303 et
498 2244 611 2304 acerbo
627 2244 750 2306 saueius
766 2243 829 2304 ictu

131 2323 287 2386 admonitu
303 2327 392 2402 coepi
408 2328 515 2387 tortior
529 2344 601 2388 esse
615 2337 683 2389 tuo=

96 2401 190 2466 Etiam
205 2409 352 2471 deficiens
368 2412 413 2470 sic
428 2411 468 2470 ad
484 2418 535 2471 tua
551 2411 644 2472 verba
658 2410 766 2485 revixi,

63 2493 86 2542 to
129 2490 164 2549 Ut
176 2493 251 2553 solet
265 2494 368 2554 inluso
384 2509 464 2555 vena
477 2495 580 2554 redire
594 2509 688 2554 mero.

96 2569 151 2632 Non
163 2581 257 2636 tamen
272 2577 409 2639 exhibuit
421 2586 521 2640 tantas
536 2577 679 2638 facundia
695 2575 786 2649 vires,

130 2657 165 2717 Ut
175 2676 240 2721 mea
256 2661 318 2721 sint
332 2661 422 2722 dictis
437 2672 564 2738 pectora
577 2677 654 2722 sana
667 2661 738 2721 tuis.

98 2735 130 2798 Ut
140 2743 254 2805 rnrdtum
270 2753 395 2806 nostrae
410 2746 516 2807 demas
532 2747 571 2806 de
587 2746 705 2821 gurgite
720 2759 821 2818 curae,

129 2821 187 2885 Non
201 2829 301 2889 minus
317 2829 467 2890 exhausto
483 2830 568 2906 quod
582 2828 754 2904 superabit,
770 2827 834 2888 crit.

62 2909 85 2959 15
97 2902 225 2985 tempore
240 2912 371 2986 ducetur
385 2914 477 2988 longo
497 2915 630 2974 sortasse
644 2912 779 2972 cicatrix.

128 2990 247 3056 Horrent
263 2998 404 3058 admotas
418 2998 546 3057 vulnera
559 2997 653 3056 cruda
667 3011 786 3056 manua.

97 3069 149 3134 Non
160 3086 206 3140 est
218 3079 249 3139 in
264 3080 387 3142 medico
401 3097 537 3157 semper,
553 3081 706 3140 relevetur
718 3087 752 3141 ut
765 3095 867 3154 aeger.

128 3159 273 3224 Interdum
290 3164 381 3225 docta
394 3165 466 3240 plus
483 3166 565 3224 vaiet
579 3169 644 3222 arte
657 3165 780 3223 malurn.

97 3238 200 3320 cernis,
214 3254 247 3308 ut
261 3264 279 3307 e
293 3249 377 3309 molli
392 3248 519 3324 sanguis
534 3249 678 3323 pulmone
691 3246 839 3307 remissus

60 3324 86 3377 ²⁰
128 3327 171 3388 Ad
186 3330 309 3410 Stygias
325 3340 409 3394 certo
424 3331 517 3392 limite
532 3332 624 3392 ducat
637 3346 745 3405 aquas.

96 3407 197 3474 Aderat
209 3415 277 3490 ipse
294 3416 362 3476 lieet
377 3431 483 3476 sacras
497 3414 682 3491 Epidaurius
697 3413 820 3487 herona,

130 3491 245 3559 Sanabit
259 3499 343 3559 nnlta
359 3499 484 3560 rudncra
498 3499 601 3559 cordis
617 3513 687 3573 opo.
