2492 3926
192 263 254 327 322
569 261 825 324 Fasroltttm

211 429 261 482 ild
274 417 436 493 Priuraquc
452 431 525 492 pars
540 415 632 476 huius
648 415 787 476 thalamis
802 415 903 476 'aliena
915 424 1043 490 repertu
1059 423 1120 480 est.

317 502 393 562 Nam
408 501 481 561 mihi
497 502 542 561 sic
555 500 689 560 coniunx
704 506 812 561 sancta
824 499 921 562 Dialis
936 500 991 560 ait=

276 588 394 648 ‘Donec
409 583 447 646 ab
463 585 555 644 Iliaca
570 584 712 659 placidus
727 584 908 659 purgamina
921 583 1022 644 Vesta

317 669 465 731 Detulerit
479 667 570 730 liavis
586 669 615 726 in
630 683 714 728 mare
727 667 859 744 Thybris
875 668 974 742 aqrris,

277 755 343 814 Non
358 753 431 813 ruihi
447 754 579 814 detonso
596 753 697 812 crines
713 753 878 827 depectere
891 751 985 824 buxo,

211 842 262 897 ²³0
319 839 385 898 Non
400 853 519 914 ungues
538 839 618 897 lerro
635 836 836 898 subsecuisse
855 836 939 895 licet:

275 924 343 984 Non
357 922 495 996 tetigisse
510 922 621 996 virum,
638 921 778 995 quamvis
792 920 876 982 lovis
890 920 941 979 ille
956 921 1120 995 sacerdos,
1225 961 1226 984 r

320 1005 463 1081 Quamvis
478 1011 630 1082 perpetua
643 1005 683 1065 sit
697 1004 768 1064 mihi
782 1007 852 1080 lege
867 1004 966 1064 datus.

276 1091 322 1154 Tu
337 1106 461 1166 quoque
476 1105 516 1150 ne
531 1104 674 1166 propera.
704 1089 812 1149 melius
827 1095 880 1150 tua
893 1088 955 1149 filia
970 1089 1074 1164 nubet,

319 1176 412 1250 Ignea
427 1190 496 1235 cum
513 1191 593 1250 pura
605 1175 703 1234 Vesta
718 1172 823 1234 nitebit
836 1173 951 1234 humo!

647 1304 676 1369 7.
704 1307 761 1366 FN

214 1439 265 1495 aaa
279 1427 380 1490 Tertia
395 1432 468 1503 post
481 1426 586 1486 Nonas
600 1442 762 1488 removere
777 1428 924 1504 Lycaona
936 1426 1061 1487 Phoebe

319 1511 443 1584 Fertur,
460 1517 491 1572 et
505 1527 523 1570 a
538 1517 623 1586 tergo
639 1526 701 1571 non
721 1511 814 1572 habet
828 1512 909 1572 Ursa
923 1516 1044 1570 metum.

277 1600 361 1660 Tunc
375 1611 434 1671 ego
450 1609 498 1653 me
514 1595 637 1654 memini
651 1594 747 1657 ludos,
757 1596 788 1654 in
803 1595 938 1671 gramine
953 1594 1060 1670 Campi

320 1680 472 1756 Aspicerc
486 1685 516 1738 et
529 1678 606 1751 dici,
621 1679 738 1739 lubrice
752 1678 881 1757 Thybri,
897 1684 977 1739 tuos.

277 1765 370 1827 Festa
381 1765 448 1824 dies
463 1763 538 1838 illis,
554 1763 606 1838 qui
621 1762 684 1824 lina
699 1763 854 1824 madentia
867 1763 989 1834 ducunt,

212 1857 266 1911 let)
323 1849 442 1924 Quique
456 1853 561 1923 tegunt
575 1847 681 1936 parvis
697 1863 770 1908 aera
784 1863 914 1908 recurva
929 1845 1017 1907 cibis.

474 1979 504 2042 8.
528 1977 952 2043 GNmunr1·1rr·car1r'

279 2098 367 2158 Mens
383 2115 509 2174 quoque
523 2115 635 2159 numen
650 2100 763 2177 habet„
778 2100 889 2161 Mentis
904 2097 1032 2161 delubra
1053 2099 1184 2159 videmus

321 2182 403 2241 Vota
418 2189 500 2242 metu
512 2181 600 2257 belli,
614 2184 735 2258 perfide
748 2184 866 2258 Poene,
882 2184 932 2246 tui.

279 2265 381 2325 Poene
395 2265 577 2338 rebellosos,
594 2273 625 2327 et
639 2269 699 2328 leto
713 2267 852 2330 consulis
867 2284 974 2329 omncs

321 2350 448 2411 Attoniti
462 2349 585 2410 Mauras
602 2352 784 2426 pertimuere
803 2370 923 2415 manus.

216 2437 267 2495 ²45
283 2433 376 2511 Spem
392 2443 490 2496 metus
507 2436 681 2511 expulerat,
698 2451 766 2497 cum
781 2437 874 2498 Menti
889 2442 961 2498 vota
974 2445 1101 2498 senatus

323 2517 468 2596 Suscipit.
499 2526 529 2579 et
543 2520 650 2581 melior
664 2522 802 2596 protinus
818 2523 870 2582 illa
885 2521 975 2582 venit.

280 2602 402 2679 Aspicit
416 2605 564 2666 instantes
579 2605 690 2668 mediis
706 2621 763 2667 sex
777 2605 898 2668 lucibus
913 2605 985 2666 Idus

322 2688 378 2747 Illa
393 2689 475 2762 dies,
491 2703 552 2761 qua
567 2696 638 2749 suut
652 2696 724 2750 vota
739 2691 841 2751 soluta
855 2690 940 2750 deae.

463 2820 492 2882 9.
515 2821 543 2882 Η
563 2823 682 2886 VEST
703 2838 944 2884 rttrt0v1srnn

212 2946 216 2952 “
281 2939 392 3013 Veste,
409 2939 493 3001 iavet
508 2940 573 3002 Tibi
590 2960 671 3004 nunc
683 2951 811 3020 operata
823 2943 1008 3004 resolvimus
1024 2958 1086 3014 ora,

214 3035 267 3086 250
323 3023 374 3083 Ad
388 3032 440 3085 tua
454 3025 482 3087 si
497 3025 587 3087 nobis
603 3043 694 3088 sacra
708 3028 813 3088 venire
827 3027 907 3087 licet.

282 3108 315 3166 ln
331 3123 424 3183 prece
438 3115 519 3171 totus
538 3126 632 3173 erum.
661 3111 808 3172 caelestia
822 3111 946 3172 numina
961 3111 1055 3182 sensi,

321 3190 478 3267 Laetaque
495 3210 652 3271 purpurea
667 3197 735 3258 lucc
749 3195 868 3256 refulsit
881 3196 1002 3256 humus.

281 3275 349 3335 Non
363 3277 506 3352 equidem
521 3276 614 3338 vidi...
629 3282 752 3342 valeant
764 3279 925 3340 mendacia
940 3285 1074 3338 vatum...

321 3360 378 3430 Te,
394 3359 462 3418 dea.
492 3373 549 3417 nec
565 3361 666 3423 lucras
682 3363 861 3439 aspicienda
876 3363 953 3421 viro.

217 3446 269 3498 255
285 3439 348 3499 Sed
358 3449 445 3514 *quae
459 3440 645 3519 nescieram,
662 3461 855 3520 quorumque
869 3460 974 3505 errore
990 3444 1125 3516 tenebar,

318 3521 445 3596 Cognita
461 3530 531 3584 sunt
545 3525 628 3584 nullo
643 3529 850 3604 praecipiente
865 3527 948 3587 mihi.

428 3634 440 3656 b
