2492 3926
385 291 428 361 V,
452 287 629 352 too-469.
954 291 1014 354 307
1068 312 1076 340 ·-

124 443 238 517 Surgit
266 441 381 502 habent
394 442 506 516 gemini
520 442 641 502 vincula
655 443 737 501 nulla
751 442 858 518 pedes.

81 527 240 602 Signaque
258 525 311 586 dat
325 526 425 601 digitis
443 526 544 586 medio
560 542 628 586 cunr
642 526 754 602 pollice
769 526 888 603 iunctis,

124 610 271 670 Occurrat
288 609 380 670 tacito
401 625 439 669 ne
455 610 532 670 levis
546 609 654 671 umbra
668 609 742 670 sibi:

15 703 67 758 435
82 692 221 769 Cumque
236 710 345 753 manus
360 709 454 768 puras
473 694 597 756 fontana
616 693 727 769 perluit
741 696 835 771 unda,

123 778 274 854 Vertitur,
291 784 321 837 et
339 777 442 852 nigras
458 777 569 854 accipit
584 793 637 837 ore
652 777 749 852 labus,

80 865 284 936 aversusque
299 862 379 922 iacit.
409 860 466 922 sed
482 861 553 922 dum
568 861 653 935 iacit,
669 862 767 924 ‘Haec
782 879 840 939 ego
855 864 948 940 mitto,

121 945 190 1005 His’
205 946 301 1020 inquit
316 945 445 1005 ‘redimo
462 960 572 1023 meque
586 961 734 1022 meosque
745 948 857 1007 'labist’

80 1029 148 1090 Hoc
167 1030 276 1089 novies
291 1029 377 1105 dicit,
395 1045 453 1090 nec
466 1028 600 1106 respicit.
627 1030 732 1090 umbra
747 1039 870 1107 putatur

17 1130 69 1182 440
126 1111 275 1188 Colligere
289 1119 320 1173 et
334 1114 417 1174 nullo
433 1121 517 1189 terga
530 1113 654 1174 vidente
669 1117 768 1191 sequi.

81 1199 202 1266 Rursus
218 1213 330 1272 aquarn
345 1198 455 1277 tangit,
470 1197 701 1276 Temesacaque
717 1207 883 1277 concrepat
897 1217 978 1276 aera,

123 1281 161 1341 Et
174 1288 277 1356 rogat,
293 1288 326 1342 ut
340 1281 428 1342 tectis
444 1290 534 1343 exeat
547 1282 656 1342 umbra
672 1283 746 1344 suis.

82 1367 156 1425 Cum
173 1365 249 1424 dixit
262 1367 371 1425 novies
387 1365 505 1426 ‘Manes
521 1367 602 1426 exite
617 1369 758 1443 paterni?

123 1449 276 1526 Respicit,
293 1457 324 1509 et
338 1465 415 1524 pure
430 1465 520 1511 sacra
533 1457 660 1526 peracta
674 1459 768 1528 putat.

18 1543 68 1595 445
83 1533 171 1593 Dicta
187 1534 227 1593 sit
240 1533 323 1594 unde
338 1534 420 1608 dim,
438 1549 516 1610 quae
534 1535 667 1595 nominis
686 1541 769 1596 extet
784 1535 879 1609 origo,

123 1616 174 1676 Me
189 1617 274 1692 iugit.
306 1633 346 1677 ex
362 1619 464 1693 aliquo
480 1623 527 1678 est
541 1619 725 1680 invenienda
741 1620 809 1680 deo.

81 1700 187 1762 Pliade
201 1710 286 1776 nate,
301 1717 406 1777 mone,
427 1701 515 1778 virga
528 1705 703 1764 venerande
720 1704 847 1780 potenti!

124 1784 227 1862 Saepe
241 1786 294 1846 tibi
311 1785 409 1865 Stygii
424 1787 508 1861 regia
523 1785 592 1846 visa
605 1787 698 1847 lovis,

82 1869 174 1930 Venit
185 1871 330 1931 adoratus
347 1871 509 1930 caducifer.
540 1873 659 1947 Accipe·
677 1887 802 1932 causam

18 1961 69 2010 too
123 1953 272 2014 Nominis.
302 1970 341 2014 ex
355 1955 425 2030 ipso
441 1961 489 2014 est
505 1955 626 2030 cognita
641 1972 735 2016 causa
750 1956 819 2016 deo.

79 2037 229 2097 Romulus
245 2041 276 2096 ut
290 2040 403 2098 tumulo
419 2039 567 2099 fraternas
584 2040 721 2099 condidit
734 2037 867 2114 umbras,

121 2120 160 2180 Et
174 2120 254 2200 male
269 2122 369 2183 veloci
384 2122 463 2181 iustu
477 2123 579 2183 soluta
592 2124 698 2198 Remo,

78 2205 244 2266 Faustulus
258 2205 364 2265 infelix
379 2215 410 2265 et
424 2205 528 2280 passis
544 2208 629 2267 Acca
644 2206 762 2283 capillis

123 2288 318 2364 spargebant
332 2289 465 2350 lacrimis
482 2305 557 2350 ossa
573 2297 697 2367 perusta
713 2292 789 2352 suis.

19 2383 65 2436 455
79 2372 156 2432 Inde
173 2372 297 2433 domum
310 2373 440 2433 redeunt
455 2371 512 2433 sub
529 2374 627 2449 prima
642 2375 825 2449 crepuscula
838 2372 954 2448 maesti.

120 2456 224 2531 thue
239 2463 317 2532 erat,
337 2459 367 2516 in
384 2459 461 2518 duro
479 2457 669 2533 procubuere
685 2466 761 2518 toro.

76 2539 194 2602 Umbra
210 2547 334 2601 cruenta
346 2541 434 2602 Remi
450 2541 518 2602 visa
533 2548 581 2602 est
595 2542 741 2602 assistere
755 2543 842 2615 lecto,

120 2624 224 2700 Atque
238 2624 316 2686 haec
331 2627 444 2701 exiguo
460 2642 615 2687 murmure
633 2626 726 2686 verba
740 2626 839 2701 loqui:

81 2707 141 2769 ‘En
157 2724 215 2784 ego
232 2710 388 2770 dimidium
402 2711 495 2771 vestri
513 2726 648 2787 parsque
668 2711 762 2770 altera
780 2711 853 2782 voti,

21 2800 66 2853 460
125 2793 246 2854 cernite
261 2793 319 2855 sim
335 2794 449 2869 qualis,
467 2796 519 2871 qui
532 2795 624 2856 modo
640 2794 741 2870 qualis
755 2800 852 2856 erum!

78 2877 136 2952 Qui
151 2878 261 2952 modo,
278 2879 305 2938 si
319 2879 461 2939 volucres
476 2878 653 2939 habuissem
670 2894 765 2954 regna
779 2877 926 2952 iuuentae,

119 2959 155 3019 In
170 2961 288 3038 populo
304 2961 391 3040 potui
406 2963 559 3024 maximus
575 2978 648 3024 esse
665 2979 744 3037 meo,

75 3045 165 3107 Nunc
180 3046 290 3123 elapsa
303 3046 370 3122 rogi
385 3045 517 3108 flammis
533 3053 564 3108 et
577 3047 677 3109 inanis
693 3048 802 3122 imago,

119 3129 206 3190 Haec
220 3138 270 3198 ¹est
285 3147 324 3191 ex
340 3131 392 3191 illo
413 3132 511 3191 formu
523 3130 629 3191 relicta
644 3132 755 3192 Remo!

20 3226 62 3281 tas
76 3214 146 3274 Heu
161 3214 214 3275 ubi
228 3214 311 3276 Mars
328 3223 415 3292 pater
430 3223 498 3276 esti
513 3217 539 3276 si
554 3232 612 3276 vos
625 3216 718 3276 modo
736 3230 810 3275 vera
824 3216 925 3285 locuti,

119 3298 286 3377 Uberaque
301 3299 451 3376 expositis
465 3300 516 3361 ille
531 3300 627 3360 ferina
642 3299 735 3360 dedit.

75 3383 174 3458 Quem
189 3385 264 3459 lupa
279 3384 429 3460 servarit,
446 3400 555 3446 manus
571 3384 652 3444 hunc
665 3383 828 3444 temeraria
843 3380 918 3440 civis

117 3466 263 3530 Perdidit.
295 3469 318 3530 0
335 3475 448 3545 quanto
463 3469 564 3530 mitior
577 3468 629 3528 illa
645 3469 714 3528 luit!

76 3552 180 3614 Saeve
197 3552 299 3630 Celer,
317 3554 472 3615 crudelem
489 3553 618 3616 animam
634 3552 829 3672 pervaluere
845 3548 966 3624 reddas,
