2492 3926
417 237 459 310 V,
482 231 661 298 tte-54⁴2.

41 428 47 445 ·
74 425 88 445 ‚
113 393 211 452 Tecta
226 392 310 452 senis
325 390 458 450 subeunt
475 389 563 464 nigro
580 389 729 450 deformia
743 391 842 452 tume=

160 475 244 552 Ignis
259 475 290 534 in
305 474 450 534 hesterno
466 473 569 549 stipite
582 489 698 549 parvus
713 482 788 535 erat.

25 610 32 621 .
114 561 192 636 lpse
207 575 287 634 genu
306 559 399 618 nixus
414 556 553 618 flammas
568 557 738 618 exsuscitat
752 574 836 633 aura,

160 643 200 703 Et
213 643 326 718 promit
340 657 473 719 quassas
490 640 729 719 comminuitque
744 644 840 704 laces.

118 727 208 788 Stant
222 727 344 788 calices.
372 726 471 786 minor
485 725 557 785 inde
572 725 675 801 tabas,
693 725 783 788 holus
799 727 875 788 alter
888 725 1029 803 habehat,

16 873 18 892 ,
39 823 103 874 510
162 811 202 871 Et
215 820 358 888 spumant
371 818 451 870 testu
465 825 596 886 pressus
610 819 740 887 uterque
754 827 822 873 suo.

15 893 17 932 ¹
117 895 262 972 Dumque
276 911 362 955 mora
376 903 437 969 est,
451 895 581 956 tremula
594 895 647 955 dat
659 895 733 956 vina
745 894 884 956 rubentia
898 894 1022 956 dextra:

161 979 284 1054 Accipit
296 993 470 1055 aequoreus
490 977 601 1052 pocula
615 978 715 1054 prima
729 978 817 1040 deus.

119 1064 205 1139 Quae
220 1064 309 1123 simul
324 1062 478 1136 exhausit,
495 1062 553 1122 ‘Da
567 1077 647 1122 nunc
659 1062 744 1123 bibat
757 1063 875 1125 ordinc’
891 1063 967 1125 dixit

164 1147 333 1222 ‘luppiter'
361 1147 475 1208 Audito
490 1145 598 1220 palluit
612 1146 663 1206 ille
677 1147 761 1207 love.

44 1246 107 1298 515
120 1231 163 1292 Ut
176 1231 266 1293 rediit
279 1230 413 1305 animus,
431 1230 577 1292 cultorem
596 1229 743 1307 pauperis
759 1233 824 1308 agri

163 1315 316 1389 immolat,
333 1322 363 1376 et
378 1329 488 1390 magno
502 1321 597 1375 torret
610 1315 641 1375 in
657 1315 728 1390 igne
742 1314 863 1376 bovem.

121 1398 270 1474 Quaeque
284 1414 361 1474 puer
377 1398 532 1474 quondam
545 1398 653 1474 primis
669 1396 835 1462 diffuderat
849 1401 946 1476 annis,

163 1482 278 1543 homil
292 1483 415 1544 fumoso
432 1482 556 1544 condita
571 1483 642 1543 vina
656 1482 745 1543 cado.

119 1567 183 1626 Nec
199 1581 300 1641 mora,
315 1565 489 1628 flumineam
505 1567 567 1628 lino
583 1565 752 1628 celantibus
766 1569 879 1643 ulvam,

48 1661 109 1714 520
167 1649 218 1710 Sic
235 1665 360 1725 quoque
375 1667 436 1712 non
451 1649 534 1723 altis,
551 1649 717 1712 incubuere
731 1651 817 1712 toris.

119 1735 207 1794 Nunc
222 1734 317 1810 dape,
333 1750 413 1794 nunc
427 1734 530 1810 posito
546 1750 672 1798 mensae
686 1737 804 1797 nituere
818 1736 924 1815 lyaeo:

162 1818 256 1878 Terra
269 1816 383 1878 rubens
398 1826 513 1891 crater,
527 1820 642 1894 pocula
656 1820 744 1894 tagus
759 1827 855 1880 erant.

120 1901 225 1962 Verba
239 1901 324 1964 luere
337 1902 436 1962 lovis:
464 1901 511 1963 ‹st
528 1903 601 1977 quid
616 1903 673 1963 lert
687 1903 835 1980 impetus,
850 1910 937 1980 opta:

166 1983 261 2045 Omne
276 1985 379 2048 feres!
408 1985 523 2047 Placidi
537 1988 634 2048 verba
648 1987 735 2049 luere
749 1988 848 2048 senis:

49 2073 108 2125 525
121 2069 213 2130 ‘Cara
227 2069 282 2130 luit
295 2071 442 2145 coniunx,
460 2071 577 2146 primae
590 2070 663 2132 milri
678 2086 751 2131 cura
764 2071 905 2133 iuventae

165 2152 301 2228 cognita.
333 2171 414 2216 nunc
429 2153 481 2217 ubi
496 2155 550 2229 sit,
572 2155 740 2232 quaeritis?
767 2171 844 2216 urna
857 2155 940 2232 tegit.

121 2238 200 2297 Huic
215 2253 274 2312 ego
289 2238 421 2312 iuratus,
437 2239 527 2300 vobis
545 2239 576 2299 in
592 2239 687 2300 verba
700 2240 830 2312 vocatis,

162 2321 364 2397 “coniugio”
380 2323 444 2383 dixi
459 2325 554 2384 “sola
568 2323 668 2384 fruere
682 2326 791 2383 meo.”

120 2404 160 2465 Et
173 2404 239 2465 dixi
254 2413 285 2466 et
299 2421 401 2467 servo.
430 2405 588 2468 Sedenim
603 2407 727 2467 diversa
742 2409 885 2467 voluntas

50 2497 107 2552 530
164 2489 220 2550 Est
233 2489 315 2549 mihi.
346 2506 404 2550 nec
420 2490 570 2564 coniunx,
590 2489 647 2552 sed
661 2497 749 2565 pater
764 2505 837 2551 esse
851 2491 946 2551 volo!

121 2579 301 2634 Annuersnt
315 2589 433 2636 omncs.
464 2590 572 2636 omnes
587 2575 628 2635 ad
648 2581 734 2649 terga
747 2573 868 2635 iuvenci

166 2656 398 2719 Constiterant...
417 2658 517 2733 pudor
532 2665 579 2718 est
592 2656 736 2718 ulteriora
749 2657 845 2733 loqui.

121 2743 198 2801 Tum
211 2740 417 2816 superiniecta
430 2749 537 2802 texere
550 2741 703 2801 madentia
716 2748 811 2801 terra=

164 2825 291 2898 lamque
306 2825 414 2886 decem
429 2840 569 2900 menses,
585 2832 616 2885 ct
628 2841 707 2901 puer
722 2834 806 2886 ortus
821 2831 894 2884 erat.

52 2909 108 2963 555
122 2908 211 2968 Hunc
225 2907 375 2986 Hyrieus,
392 2910 465 2985 quia
479 2908 525 2969 sic
539 2908 674 2983 genitus,
690 2915 782 2968 vocat
793 2907 918 2971 Uriona.

161 2992 298 3052 Perdidit
311 2993 470 3068 antiquum
484 2994 582 3052 littera
596 2991 694 3068 prima
708 3008 829 3054 sonum.

122 3075 268 3136 Creverat
279 3076 470 3136 immensum.
500 3077 641 3136 comitem
656 3075 716 3137 sibi
730 3075 818 3138 Delia
832 3079 974 3153 sumpsit:

163 3159 219 3220 llle
233 3159 311 3221 deae
325 3168 447 3236 custos,
468 3161 519 3220 ille
534 3159 658 3221 satelles
675 3166 749 3220 erat.

120 3243 227 3304 Verba
240 3251 365 3305 movent
381 3245 456 3306 iram
470 3260 532 3305 non
553 3245 775 3318 circumspecta
791 3244 926 3305 deorum.

52 3337 110 3389 sto
167 3326 277 3402 ‘Quam
292 3334 457 3404 nequeam’
473 3329 550 3388 dixit
563 3329 714 3402 ‘vincera
737 3329 820 3388 nulla
835 3328 899 3386 lem
913 3331 982 3387 est!

122 3409 275 3488 Scorpion
292 3411 416 3473 immisit
428 3411 540 3474 Tellus.
569 3412 625 3471 suit
638 3413 770 3486 impetus
789 3411 833 3470 illi

164 3495 264 3555 Curva
280 3496 497 3570 gemelliparae
513 3495 632 3570 spicula
646 3497 726 3554 lerre
741 3495 827 3554 deae.
