2372 3928
185 738 405 856 rasitata
432 707 556 824 iana
581 740 747 826 ananus.

107 901 146 965 AD
168 900 194 966 G.
217 899 387 965 annuntiat
411 898 589 964 CAESAREM
611 899 838 967 GERMANICUM.

65 1078 206 1191 Tempora
220 1130 290 1178 cuna
305 1114 407 1178 causis
422 1115 539 1178 Latium
555 1116 674 1191 digestu
688 1131 867 1192 perannum

97 1199 248 1277 Lapsaque
262 1197 322 1262 sub
336 1206 433 1260 terras
449 1207 576 1276 ortaque
591 1198 680 1276 signa
694 1216 809 1262 canam.

64 1281 161 1359 Excipe
175 1290 293 1359 pacata,
318 1282 429 1348 caesar
444 1281 631 1358 Germanice,
653 1283 738 1343 voitu

97 1366 153 1428 Hoc
167 1383 243 1444 opus
259 1374 289 1428 et
304 1366 426 1429 timidae
441 1367 538 1442 dirige
552 1367 640 1427 navis
655 1367 725 1430 iter:

47 1448 225 1526 atracioque,
246 1451 345 1513 levem
359 1467 421 1512 non
436 1459 596 1512 aversatus
612 1451 767 1524 honorem,

94 1533 160 1595 HuIc
173 1535 224 1595 tibi
240 1536 351 1599 devoto
368 1535 489 1596 nurnine
506 1535 613 1596 dexter
628 1534 713 1594 ades.

66 1615 141 1678 Sacra
152 1634 358 1694 recognosces
374 1619 534 1680 annalibus
550 1625 637 1678 eruta
650 1617 771 1695 priscis,

94 1701 123 1760 Et
135 1718 191 1776 qao
206 1702 245 1763 sit
259 1702 365 1762 merito
382 1718 524 1778 quaeque
537 1709 641 1765 notata
656 1701 732 1761 dies.

65 1783 181 1846 Invenies
195 1786 255 1847 iliic
271 1795 300 1847 et
315 1787 393 1848 testa
408 1787 576 1847 domestica
592 1785 696 1847 vobisc
733 1826 739 1834 .

36 1879 58 1930 lt
95 1867 182 1946 Saepe
197 1869 250 1930 tibi
263 1879 352 1947 pater
365 1877 420 1944 est,
443 1885 538 1945 saepe
553 1869 702 1946 tegendus
718 1885 805 1932 avus.

66 1951 186 2028 tuaeque
200 1953 356 2015 scruntiiti
371 1955 470 2030 pictos
486 1953 637 2032 signantia
653 1957 759 2030 fastos,

93 2037 129 2096 Tu
142 2053 262 2113 quoque
278 2053 345 2099 cxun
360 2037 459 2100 Druso
477 2040 611 2116 praemia
626 2041 716 2100 tratre
731 2040 821 2102 feres.

66 2119 182 2182 Caesaris
197 2139 281 2183 arma
296 2133 405 2184 canant
420 2123 480 2186 aiii.
513 2139 570 2183 nos
588 2122 726 2186 Caesaris
743 2141 821 2198 aras,

95 2203 125 2265 Et
138 2221 343 2282 quoscumque
357 2208 453 2268 sacris
469 2207 586 2271 addidit
601 2209 650 2268 iile
666 2208 741 2268 dies.

37 2289 152 2349 itunae
166 2291 285 2353 conanti
301 2307 356 2367 per
369 2291 475 2352 laudes
491 2291 535 2354 ire
552 2299 683 2367 tuorum,

95 2372 188 2448 Deque
201 2389 270 2440 meo
284 2374 416 2452 pavidos
434 2383 544 2438 excute
562 2377 656 2436 corde
670 2382 778 2436 metus.

65 2453 216 2523 panitiae
232 2459 394 2536 placidum,
418 2459 539 2520 dederis
555 2460 585 2519 in
601 2459 734 2518 carmina
750 2458 833 2520 viris·

95 2540 236 2619 ingenium
252 2543 336 2603 voltu
351 2549 475 2620 statque,
487 2544 630 2618 caditque
643 2550 704 2602 tuo.

65 2621 154 2698 Pagina
167 2625 310 2688 iudicium
325 2627 407 2686 docti
421 2626 557 2689 subitura
571 2633 709 2687 movetur

36 2712 58 2764 tt
93 2707 237 2787 Principis,
259 2718 292 2770 ut
309 2709 406 2772 Clario
421 2711 517 2774 missa
531 2711 661 2785 tegenda
676 2710 745 2770 dec.

65 2789 128 2863 Quae
141 2793 177 2853 sit
190 2794 270 2854 enini
286 2795 358 2855 culti
373 2794 515 2856 facundia
530 2795 683 2854 sensimus
699 2793 769 2864 oris,

95 2874 183 2938 cinca
198 2895 254 2953 pro
270 2878 398 2954 trepidis
414 2895 482 2939 cuna
498 2878 563 2941 tulit
577 2893 662 2938 arma
676 2876 746 2937 reis.

64 2955 160 3022 Scimus
175 2970 212 3033 et,
237 2962 417 3024 adnostras
432 2978 501 3023 cum
516 2976 550 3022 se
565 2960 630 3021 tulit
644 2960 774 3036 impetus
789 2966 868 3020 artes

92 3043 194 3120 Ingenii
209 3053 333 3107 currant
345 3043 472 3106 ilumina
487 3052 601 3123 quanta
614 3046 666 3104 tui.

33 3123 87 3184 asi
97 3128 158 3189 ticet
171 3137 199 3190 et
214 3131 261 3190 tas
276 3137 339 3203 est,
362 3137 449 3192 vates
463 3146 537 3208 rege
551 3129 629 3190 vatis
644 3127 789 3202 habenas,

92 3213 228 3290 auspicio
246 3214 414 3274 ieiixtotus
429 3221 461 3274 ut
475 3229 573 3274 annus
589 3219 647 3272 eat.

63 3341 199 3459 Tempora
214 3383 365 3460 digereret
381 3396 449 3442 curn
464 3381 604 3443 conditor
617 3379 718 3452 Urbis,
741 3379 772 3440 in
788 3393 870 3438 anno

90 3465 235 3530 Constituit
250 3481 374 3528 menses
390 3465 527 3542 quinque
541 3465 589 3526 bis
605 3481 675 3526 esse
691 3478 758 3524 suo.
