<?xml version="1.0" encoding="UTF-8"?>
<!DOCTYPE html PUBLIC "-//W3C//DTD XHTML 1.0 Transitional//EN"
    "http://www.w3.org/TR/xhtml1/DTD/xhtml1-transitional.dtd">
<html xmlns="http://www.w3.org/1999/xhtml" xml:lang="en" lang="en">
 <head>
  <title>
</title>
<meta http-equiv="Content-Type" content="text/html;charset=utf-8" />
  <meta name='ocr-system' content='tesseract 3.04.00' />
  <meta name='ocr-capabilities' content='ocr_page ocr_carea ocr_par ocr_line ocrx_word'/>
</head>
<body>
  <div class='ocr_page' id='page_1' title='image "./povidiusnaso00goog_0140.png"; bbox 0 0 2394 3940; ppageno 0'>
   <div class='ocr_carea' id='block_1_1' title="bbox 323 238 985 315">
    <p class='ocr_par' dir='ltr' id='par_1_1' title="bbox 323 238 985 315">
     <span class='ocr_line' id='line_1_1' title="bbox 323 238 985 315; baseline 0.011 -13"><span class='ocrx_word' id='word_1_1' title='bbox 323 238 353 315; x_wconf 92' lang='lat' dir='ltr'><strong>l,</strong></span> <span class='ocrx_word' id='word_1_2' title='bbox 377 238 412 314; x_wconf 85' lang='lat'><strong>7,</strong></span> <span class='ocrx_word' id='word_1_3' title='bbox 436 239 555 314; x_wconf 84' lang='grc'><strong>18-8,</strong></span> <span class='ocrx_word' id='word_1_4' title='bbox 579 240 630 304; x_wconf 70' lang='lat'><strong>⁸20.</strong></span> <span class='ocrx_word' id='word_1_5' title='bbox 922 243 985 310; x_wconf 73' lang='lat'><strong>12⁹</strong></span> 
     </span>
    </p>
   </div>
   <div class='ocr_carea' id='block_1_2' title="bbox 33 393 933 1649">
    <p class='ocr_par' dir='ltr' id='par_1_2' title="bbox 33 393 933 1649">
     <span class='ocr_line' id='line_1_2' title="bbox 95 393 806 472; baseline 0 -17"><span class='ocrx_word' id='word_1_6' title='bbox 95 393 149 455; x_wconf 86' lang='lat' dir='ltr'><strong>Sed</strong></span> <span class='ocrx_word' id='word_1_7' title='bbox 163 394 217 454; x_wconf 91' lang='lat' dir='ltr'><strong>iuit</strong></span> <span class='ocrx_word' id='word_1_8' title='bbox 231 394 262 454; x_wconf 93' lang='lat' dir='ltr'><strong>in</strong></span> <span class='ocrx_word' id='word_1_9' title='bbox 279 394 347 454; x_wconf 79' lang='lat' dir='ltr'><strong>ictis</strong></span> <span class='ocrx_word' id='word_1_10' title='bbox 362 393 422 454; x_wconf 90' lang='lat' dir='ltr'><strong>hoc</strong></span> <span class='ocrx_word' id='word_1_11' title='bbox 438 407 571 469; x_wconf 88' lang='lat' dir='ltr'><strong>quoque,</strong></span> <span class='ocrx_word' id='word_1_12' title='bbox 596 396 699 472; x_wconf 90' lang='lat' dir='ltr'><strong>credo,</strong></span> <span class='ocrx_word' id='word_1_13' title='bbox 719 397 806 458; x_wconf 89' lang='lat' dir='ltr'><strong>meis.</strong></span> 
     </span>
     <span class='ocr_line' id='line_1_3' title="bbox 62 476 918 543; baseline 0.005 -5"><span class='ocrx_word' id='word_1_14' title='bbox 62 480 111 540; x_wconf 85' lang='lat' dir='ltr'><strong>Nec</strong></span> <span class='ocrx_word' id='word_1_15' title='bbox 123 493 260 539; x_wconf 91' lang='lat' dir='ltr'><strong>mancum</strong></span> <span class='ocrx_word' id='word_1_16' title='bbox 276 477 410 538; x_wconf 85' lang='lat' dir='ltr'><strong>officium</strong></span> <span class='ocrx_word' id='word_1_17' title='bbox 425 477 522 538; x_wconf 91' lang='lat' dir='ltr'><strong>sensit</strong></span> <span class='ocrx_word' id='word_1_18' title='bbox 536 476 646 540; x_wconf 92' lang='lat' dir='ltr'><strong>domus</strong></span> <span class='ocrx_word' id='word_1_19' title='bbox 662 482 756 541; x_wconf 83' lang='lat' dir='ltr'><strong>attera</strong></span> <span class='ocrx_word' id='word_1_20' title='bbox 770 489 918 543; x_wconf 90' lang='lat' dir='ltr'><strong>nostrum.</strong></span> 
     </span>
     <span class='ocr_line' id='line_1_4' title="bbox 94 560 763 639; baseline 0.004 -17"><span class='ocrx_word' id='word_1_21' title='bbox 94 563 150 636; x_wconf 83' lang='lat' dir='ltr'><strong>Hir,</strong></span> <span class='ocrx_word' id='word_1_22' title='bbox 170 563 240 637; x_wconf 84' lang='lat' dir='ltr'><strong>illic,</strong></span> <span class='ocrx_word' id='word_1_23' title='bbox 265 567 368 622; x_wconf 88' lang='lat' dir='ltr'><strong>vestro</strong></span> <span class='ocrx_word' id='word_1_24' title='bbox 384 560 441 622; x_wconf 92' lang='lat' dir='ltr'><strong>sub</strong></span> <span class='ocrx_word' id='word_1_25' title='bbox 456 563 520 622; x_wconf 87' lang='lat' dir='ltr'><strong>iure</strong></span> <span class='ocrx_word' id='word_1_26' title='bbox 535 577 657 639; x_wconf 85' lang='lat' dir='ltr'><strong>semper</strong></span> <span class='ocrx_word' id='word_1_27' title='bbox 672 580 763 624; x_wconf 90' lang='lat' dir='ltr'><strong>oram.</strong></span> 
     </span>
     <span class='ocr_line' id='line_1_5' title="bbox 64 646 875 726; baseline 0.004 -19"><span class='ocrx_word' id='word_1_28' title='bbox 64 647 188 722; x_wconf 77' lang='lat' dir='ltr'>Quaeque</span> <span class='ocrx_word' id='word_1_29' title='bbox 202 653 256 707; x_wconf 86' lang='lat' dir='ltr'><strong>tua</strong></span> <span class='ocrx_word' id='word_1_30' title='bbox 272 653 320 707; x_wconf 84' lang='lat' dir='ltr'><strong>est</strong></span> <span class='ocrx_word' id='word_1_31' title='bbox 333 646 442 722; x_wconf 89' lang='lat' dir='ltr'><strong>pietas,</strong></span> <span class='ocrx_word' id='word_1_32' title='bbox 465 651 498 704; x_wconf 91' lang='lat' dir='ltr'><strong>ut</strong></span> <span class='ocrx_word' id='word_1_33' title='bbox 508 651 538 705; x_wconf 90' lang='lat' dir='ltr'><strong>te</strong></span> <span class='ocrx_word' id='word_1_34' title='bbox 552 661 614 706; x_wconf 91' lang='lat' dir='ltr'><strong>non</strong></span> <span class='ocrx_word' id='word_1_35' title='bbox 630 650 751 710; x_wconf 80' lang='lat' dir='ltr'>excolat</span> <span class='ocrx_word' id='word_1_36' title='bbox 765 649 875 726; x_wconf 90' lang='lat' dir='ltr'><strong>ipsum,</strong></span> 
     </span>
     <span class='ocr_line' id='line_1_6' title="bbox 33 730 760 806; baseline -0.001 -13"><span class='ocrx_word' id='word_1_37' title='bbox 33 739 55 793; x_wconf 88' lang='lat' dir='ltr'><strong>tt</strong></span> <span class='ocrx_word' id='word_1_38' title='bbox 97 731 141 792; x_wconf 92' lang='lat' dir='ltr'><strong>lus</strong></span> <span class='ocrx_word' id='word_1_39' title='bbox 155 731 280 806; x_wconf 84' lang='lat' dir='ltr'>aliquod</span> <span class='ocrx_word' id='word_1_40' title='bbox 296 737 396 790; x_wconf 89' lang='lat' dir='ltr'><strong>tecum</strong></span> <span class='ocrx_word' id='word_1_41' title='bbox 411 730 512 790; x_wconf 82' lang='lat' dir='ltr'><strong>fratris</strong></span> <span class='ocrx_word' id='word_1_42' title='bbox 528 730 644 792; x_wconf 88' lang='lat' dir='ltr'><strong>amicus</strong></span> <span class='ocrx_word' id='word_1_43' title='bbox 659 732 760 794; x_wconf 77' lang='lat' dir='ltr'><strong>habet,</strong></span> 
     </span>
     <span class='ocr_line' id='line_1_7' title="bbox 65 815 933 895; baseline 0.005 -20"><span class='ocrx_word' id='word_1_44' title='bbox 65 815 126 889; x_wconf 79' lang='lat' dir='ltr'><strong>Quid</strong></span> <span class='ocrx_word' id='word_1_45' title='bbox 141 815 231 891; x_wconf 88' lang='lat' dir='ltr'><strong>quod,</strong></span> <span class='ocrx_word' id='word_1_46' title='bbox 253 821 287 875; x_wconf 90' lang='lat' dir='ltr'><strong>ut</strong></span> <span class='ocrx_word' id='word_1_47' title='bbox 301 815 433 875; x_wconf 87' lang='lat' dir='ltr'><strong>emeritis</strong></span> <span class='ocrx_word' id='word_1_48' title='bbox 451 815 614 874; x_wconf 84' lang='lat' dir='ltr'><strong>reserenda</strong></span> <span class='ocrx_word' id='word_1_49' title='bbox 629 822 676 876; x_wconf 88' lang='lat' dir='ltr'><strong>est</strong></span> <span class='ocrx_word' id='word_1_50' title='bbox 690 817 787 892; x_wconf 82' lang='lat' dir='ltr'><strong>gratia</strong></span> <span class='ocrx_word' id='word_1_51' title='bbox 801 833 933 895; x_wconf 83' lang='lat' dir='ltr'>semper,</span> 
     </span>
     <span class='ocr_line' id='line_1_8' title="bbox 96 898 684 975; baseline 0.003 -16"><span class='ocrx_word' id='word_1_52' title='bbox 96 898 139 959; x_wconf 90' lang='lat' dir='ltr'><strong>Sic</strong></span> <span class='ocrx_word' id='word_1_53' title='bbox 152 906 198 961; x_wconf 89' lang='lat' dir='ltr'><strong>est</strong></span> <span class='ocrx_word' id='word_1_54' title='bbox 211 900 353 960; x_wconf 74' lang='lat' dir='ltr'><strong>fortunae</strong></span> <span class='ocrx_word' id='word_1_55' title='bbox 368 899 578 975; x_wconf 85' lang='lat' dir='ltr'><strong>promeruisse</strong></span> <span class='ocrx_word' id='word_1_56' title='bbox 592 905 684 960; x_wconf 69' lang='lat' dir='ltr'><strong>tuae?</strong></span> 
     </span>
     <span class='ocr_line' id='line_1_9' title="bbox 66 982 809 1062; baseline 0.005 -20"><span class='ocrx_word' id='word_1_57' title='bbox 66 984 174 1057; x_wconf 78' lang='lat' dir='ltr'><strong>Quodsi</strong></span> <span class='ocrx_word' id='word_1_58' title='bbox 189 983 338 1060; x_wconf 81' lang='lat' dir='ltr'><strong>permittis</strong></span> <span class='ocrx_word' id='word_1_59' title='bbox 352 983 441 1044; x_wconf 92' lang='lat' dir='ltr'><strong>nobis</strong></span> <span class='ocrx_word' id='word_1_60' title='bbox 457 982 598 1058; x_wconf 85' lang='lat' dir='ltr'><strong>suadere,</strong></span> <span class='ocrx_word' id='word_1_61' title='bbox 623 984 697 1060; x_wconf 88' lang='lat' dir='ltr'><strong>quid</strong></span> <span class='ocrx_word' id='word_1_62' title='bbox 712 991 809 1062; x_wconf 91' lang='lat' dir='ltr'><strong>optes,</strong></span> 
     </span>
     <span class='ocr_line' id='line_1_10' title="bbox 93 1068 858 1146; baseline 0.001 -19"><span class='ocrx_word' id='word_1_63' title='bbox 93 1068 126 1128; x_wconf 88' lang='lat' dir='ltr'><strong>Ut</strong></span> <span class='ocrx_word' id='word_1_64' title='bbox 138 1069 199 1142; x_wconf 91' lang='lat' dir='ltr'><strong>des,</strong></span> <span class='ocrx_word' id='word_1_65' title='bbox 224 1084 317 1144; x_wconf 87' lang='lat' dir='ltr'><strong>quam</strong></span> <span class='ocrx_word' id='word_1_66' title='bbox 331 1068 454 1140; x_wconf 90' lang='lat' dir='ltr'><strong>reddas,</strong></span> <span class='ocrx_word' id='word_1_67' title='bbox 475 1068 609 1143; x_wconf 78' lang='lat' dir='ltr'><strong>plura...</strong></span> <span class='ocrx_word' id='word_1_68' title='bbox 624 1083 751 1146; x_wconf 87' lang='lat' dir='ltr'><strong>precare</strong></span> <span class='ocrx_word' id='word_1_69' title='bbox 767 1070 858 1132; x_wconf 83' lang='lat' dir='ltr'><strong>deos!</strong></span> 
     </span>
     <span class='ocr_line' id='line_1_11' title="bbox 35 1151 897 1229; baseline 0.005 -17"><span class='ocrx_word' id='word_1_70' title='bbox 35 1159 55 1212; x_wconf 84' lang='lat' dir='ltr'><strong>a</strong></span> <span class='ocrx_word' id='word_1_71' title='bbox 64 1151 140 1225; x_wconf 86' lang='lat' dir='ltr'><strong>idque</strong></span> <span class='ocrx_word' id='word_1_72' title='bbox 153 1152 236 1226; x_wconf 78' lang='lat' dir='ltr'><strong>facia,</strong></span> <span class='ocrx_word' id='word_1_73' title='bbox 261 1159 469 1228; x_wconf 87' lang='lat' dir='ltr'><strong>quantumque</strong></span> <span class='ocrx_word' id='word_1_74' title='bbox 483 1153 553 1211; x_wconf 89' lang='lat' dir='ltr'><strong>ticet</strong></span> <span class='ocrx_word' id='word_1_75' title='bbox 567 1153 751 1229; x_wconf 86' lang='lat' dir='ltr'><strong>meminisse,</strong></span> <span class='ocrx_word' id='word_1_76' title='bbox 774 1155 897 1216; x_wconf 88' lang='lat' dir='ltr'><strong>solebas</strong></span> 
     </span>
     <span class='ocr_line' id='line_1_12' title="bbox 94 1233 696 1312; baseline 0.002 -17"><span class='ocrx_word' id='word_1_77' title='bbox 94 1233 179 1296; x_wconf 83' lang='lat' dir='ltr'><strong>Officii</strong></span> <span class='ocrx_word' id='word_1_78' title='bbox 195 1252 321 1296; x_wconf 87' lang='lat' dir='ltr'><strong>causam</strong></span> <span class='ocrx_word' id='word_1_79' title='bbox 335 1237 474 1312; x_wconf 88' lang='lat' dir='ltr'><strong>pluribus</strong></span> <span class='ocrx_word' id='word_1_80' title='bbox 489 1251 561 1297; x_wconf 90' lang='lat' dir='ltr'><strong>esse</strong></span> <span class='ocrx_word' id='word_1_81' title='bbox 575 1237 647 1312; x_wconf 91' lang='lat' dir='ltr'><strong>pati.</strong></span> <span class='ocrx_word' id='word_1_82' title='bbox 693 1281 696 1285; x_wconf 86' lang='grc'>-</span> 
     </span>
     <span class='ocr_line' id='line_1_13' title="bbox 65 1319 807 1399; baseline 0.005 -20"><span class='ocrx_word' id='word_1_83' title='bbox 65 1319 114 1391; x_wconf 79' lang='lat' dir='ltr'><strong>Quo</strong></span> <span class='ocrx_word' id='word_1_84' title='bbox 126 1319 193 1380; x_wconf 91' lang='lat' dir='ltr'><strong>libet</strong></span> <span class='ocrx_word' id='word_1_85' title='bbox 206 1320 237 1380; x_wconf 93' lang='lat' dir='ltr'><strong>in</strong></span> <span class='ocrx_word' id='word_1_86' title='bbox 253 1336 380 1381; x_wconf 91' lang='lat' dir='ltr'><strong>numero</strong></span> <span class='ocrx_word' id='word_1_87' title='bbox 395 1336 454 1397; x_wconf 87' lang='lat' dir='ltr'><strong>me,</strong></span> <span class='ocrx_word' id='word_1_88' title='bbox 473 1321 659 1396; x_wconf 87' lang='lat' dir='ltr'><strong>Massattine,</strong></span> <span class='ocrx_word' id='word_1_89' title='bbox 682 1338 807 1399; x_wconf 90' lang='lat' dir='ltr'><strong>repone,</strong></span> 
     </span>
     <span class='ocr_line' id='line_1_14' title="bbox 95 1402 811 1481; baseline 0.003 -19"><span class='ocrx_word' id='word_1_90' title='bbox 95 1402 146 1464; x_wconf 89' lang='lat' dir='ltr'><strong>Sim</strong></span> <span class='ocrx_word' id='word_1_91' title='bbox 160 1405 251 1466; x_wconf 92' lang='lat' dir='ltr'><strong>modo</strong></span> <span class='ocrx_word' id='word_1_92' title='bbox 269 1419 341 1481; x_wconf 92' lang='lat' dir='ltr'><strong>pars</strong></span> <span class='ocrx_word' id='word_1_93' title='bbox 357 1412 479 1465; x_wconf 89' lang='lat' dir='ltr'><strong>vestrae</strong></span> <span class='ocrx_word' id='word_1_94' title='bbox 494 1420 555 1464; x_wconf 89' lang='lat' dir='ltr'><strong>non</strong></span> <span class='ocrx_word' id='word_1_95' title='bbox 571 1407 671 1466; x_wconf 84' lang='lat' dir='ltr'><strong>aliena</strong></span> <span class='ocrx_word' id='word_1_96' title='bbox 686 1408 811 1468; x_wconf 80' lang='lat' dir='ltr'><strong>domus:</strong></span> 
     </span>
     <span class='ocr_line' id='line_1_15' title="bbox 65 1487 825 1566; baseline 0.005 -20"><span class='ocrx_word' id='word_1_97' title='bbox 65 1487 91 1547; x_wconf 81' lang='lat' dir='ltr'><strong>ut</strong></span> <span class='ocrx_word' id='word_1_98' title='bbox 101 1490 169 1550; x_wconf 89' lang='lat' dir='ltr'><strong>mala</strong></span> <span class='ocrx_word' id='word_1_99' title='bbox 182 1489 345 1564; x_wconf 87' lang='lat' dir='ltr'><strong>Nasonem,</strong></span> <span class='ocrx_word' id='word_1_100' title='bbox 369 1490 513 1564; x_wconf 87' lang='lat' dir='ltr'><strong>quoniam</strong></span> <span class='ocrx_word' id='word_1_101' title='bbox 527 1490 678 1550; x_wconf 91' lang='lat' dir='ltr'><strong>meruisse</strong></span> <span class='ocrx_word' id='word_1_102' title='bbox 692 1491 825 1566; x_wconf 88' lang='lat' dir='ltr'><strong>videtur,</strong></span> 
     </span>
     <span class='ocr_line' id='line_1_16' title="bbox 35 1571 712 1649; baseline 0.001 -17"><span class='ocrx_word' id='word_1_103' title='bbox 35 1577 57 1632; x_wconf 86' lang='grc'><strong>11</strong></span> <span class='ocrx_word' id='word_1_104' title='bbox 96 1571 121 1632; x_wconf 88' lang='lat' dir='ltr'><strong>Si</strong></span> <span class='ocrx_word' id='word_1_105' title='bbox 133 1589 188 1633; x_wconf 90' lang='lat' dir='ltr'><strong>non</strong></span> <span class='ocrx_word' id='word_1_106' title='bbox 204 1575 285 1635; x_wconf 83' lang='lat' dir='ltr'><strong>ferre</strong></span> <span class='ocrx_word' id='word_1_107' title='bbox 301 1575 397 1649; x_wconf 88' lang='lat' dir='ltr'><strong>doles,</strong></span> <span class='ocrx_word' id='word_1_108' title='bbox 422 1581 452 1634; x_wconf 85' lang='lat' dir='ltr'><strong>at</strong></span> <span class='ocrx_word' id='word_1_109' title='bbox 466 1574 616 1634; x_wconf 90' lang='lat' dir='ltr'><strong>meruisse</strong></span> <span class='ocrx_word' id='word_1_110' title='bbox 632 1575 712 1635; x_wconf 88' lang='lat' dir='ltr'><strong>dote.</strong></span> 
     </span>
    </p>
   </div>
   <div class='ocr_carea' id='block_1_3' title="bbox 34 1749 693 1974">
    <p class='ocr_par' dir='ltr' id='par_1_3' title="bbox 34 1749 693 1974">
     <span class='ocr_line' id='line_1_17' title="bbox 34 1749 285 1854; baseline 0.036 -10"><span class='ocrx_word' id='word_1_111' title='bbox 34 1749 58 1844; x_wconf 78' lang='lat'><strong>8·</strong></span> <span class='ocrx_word' id='word_1_112' title='bbox 102 1790 285 1854; x_wconf 83' lang='lat' dir='ltr'><strong>suvaao.</strong></span> 
     </span>
     <span class='ocr_line' id='line_1_18' title="bbox 66 1873 693 1974; baseline 0.01 -10"><span class='ocrx_word' id='word_1_113' title='bbox 66 1873 88 1964; x_wconf 69' lang='grc' dir='ltr'><strong>Α</strong></span> <span class='ocrx_word' id='word_1_114' title='bbox 103 1910 146 1970; x_wconf 90' lang='lat' dir='ltr'><strong>tibi</strong></span> <span class='ocrx_word' id='word_1_115' title='bbox 160 1911 271 1974; x_wconf 88' lang='lat' dir='ltr'><strong>diiecto</strong></span> <span class='ocrx_word' id='word_1_116' title='bbox 287 1912 413 1973; x_wconf 88' lang='lat' dir='ltr'><strong>missam</strong></span> <span class='ocrx_word' id='word_1_117' title='bbox 426 1911 550 1971; x_wconf 82' lang='lat' dir='ltr'><strong>Nasone</strong></span> <span class='ocrx_word' id='word_1_118' title='bbox 565 1911 693 1970; x_wconf 91' lang='lat' dir='ltr'><strong>salutem</strong></span> 
     </span>
    </p>
   </div>
   <div class='ocr_carea' id='block_1_4' title="bbox 23 1994 924 3506">
    <p class='ocr_par' dir='ltr' id='par_1_4' title="bbox 23 1994 924 3506">
     <span class='ocr_line' id='line_1_19' title="bbox 94 1994 831 2073; baseline -0.004 -20"><span class='ocrx_word' id='word_1_119' title='bbox 94 1995 206 2072; x_wconf 80' lang='lat' dir='ltr'><strong>Accipe,</strong></span> <span class='ocrx_word' id='word_1_120' title='bbox 228 2013 302 2073; x_wconf 91' lang='lat' dir='ltr'><strong>pars</strong></span> <span class='ocrx_word' id='word_1_121' title='bbox 317 1997 436 2057; x_wconf 85' lang='lat' dir='ltr'><strong>animae</strong></span> <span class='ocrx_word' id='word_1_122' title='bbox 451 2011 569 2070; x_wconf 82' lang='lat' dir='ltr'><strong>magna,</strong></span> <span class='ocrx_word' id='word_1_123' title='bbox 592 1994 716 2069; x_wconf 90' lang='lat' dir='ltr'><strong>Severe,</strong></span> <span class='ocrx_word' id='word_1_124' title='bbox 736 2008 831 2054; x_wconf 89' lang='lat' dir='ltr'><strong>meae.</strong></span> 
     </span>
     <span class='ocr_line' id='line_1_20' title="bbox 65 2075 924 2156; baseline 0.001 -21"><span class='ocrx_word' id='word_1_125' title='bbox 65 2075 126 2138; x_wconf 86' lang='lat' dir='ltr'><strong>Neve</strong></span> <span class='ocrx_word' id='word_1_126' title='bbox 138 2095 220 2156; x_wconf 79' lang='lat' dir='ltr'><strong>roga,</strong></span> <span class='ocrx_word' id='word_1_127' title='bbox 242 2081 317 2155; x_wconf 93' lang='lat' dir='ltr'><strong>quid</strong></span> <span class='ocrx_word' id='word_1_128' title='bbox 331 2097 429 2156; x_wconf 83' lang='lat' dir='ltr'><strong>agam.</strong></span> <span class='ocrx_word' id='word_1_129' title='bbox 461 2081 487 2140; x_wconf 92' lang='lat' dir='ltr'><strong>si</strong></span> <span class='ocrx_word' id='word_1_130' title='bbox 503 2094 673 2156; x_wconf 89' lang='lat' dir='ltr'><strong>persequar</strong></span> <span class='ocrx_word' id='word_1_131' title='bbox 687 2079 798 2150; x_wconf 88' lang='lat' dir='ltr'><strong>omnia,</strong></span> <span class='ocrx_word' id='word_1_132' title='bbox 822 2076 924 2139; x_wconf 85' lang='lat' dir='ltr'><strong>flebis.</strong></span> 
     </span>
     <span class='ocr_line' id='line_1_21' title="bbox 95 2161 699 2227; baseline 0 -5"><span class='ocrx_word' id='word_1_133' title='bbox 95 2161 205 2224; x_wconf 86' lang='lat' dir='ltr'><strong>Summa</strong></span> <span class='ocrx_word' id='word_1_134' title='bbox 220 2167 295 2226; x_wconf 82' lang='lat' dir='ltr'><strong>satis</strong></span> <span class='ocrx_word' id='word_1_135' title='bbox 310 2165 406 2227; x_wconf 91' lang='lat' dir='ltr'><strong>nostri</strong></span> <span class='ocrx_word' id='word_1_136' title='bbox 422 2164 449 2225; x_wconf 90' lang='lat' dir='ltr'><strong>si</strong></span> <span class='ocrx_word' id='word_1_137' title='bbox 463 2163 516 2226; x_wconf 89' lang='lat' dir='ltr'><strong>tibi</strong></span> <span class='ocrx_word' id='word_1_138' title='bbox 532 2170 605 2224; x_wconf 87' lang='lat' dir='ltr'><strong>uota</strong></span> <span class='ocrx_word' id='word_1_139' title='bbox 618 2163 699 2223; x_wconf 89' lang='lat' dir='ltr'><strong>mati.</strong></span> 
     </span>
     <span class='ocr_line' id='line_1_22' title="bbox 48 2245 754 2326; baseline 0.007 -25"><span class='ocrx_word' id='word_1_140' title='bbox 48 2245 178 2309; x_wconf 82' lang='lat' dir='ltr'><strong>tVivimus</strong></span> <span class='ocrx_word' id='word_1_141' title='bbox 194 2249 330 2310; x_wconf 78' lang='lat' dir='ltr'><strong>assidete</strong></span> <span class='ocrx_word' id='word_1_142' title='bbox 345 2255 488 2326; x_wconf 74' lang='lat' dir='ltr'><strong>expertes</strong></span> <span class='ocrx_word' id='word_1_143' title='bbox 504 2245 591 2324; x_wconf 89' lang='lat' dir='ltr'><strong>pacis</strong></span> <span class='ocrx_word' id='word_1_144' title='bbox 608 2249 637 2307; x_wconf 88' lang='lat' dir='ltr'><strong>in</strong></span> <span class='ocrx_word' id='word_1_145' title='bbox 653 2248 754 2323; x_wconf 88' lang='lat' dir='ltr'><strong>armis,</strong></span> 
     </span>
     <span class='ocr_line' id='line_1_23' title="bbox 94 2330 704 2408; baseline 0.002 -20"><span class='ocrx_word' id='word_1_146' title='bbox 94 2330 163 2392; x_wconf 84' lang='lat' dir='ltr'><strong>bura</strong></span> <span class='ocrx_word' id='word_1_147' title='bbox 177 2333 353 2408; x_wconf 84' lang='lat' dir='ltr'><strong>pharetrato</strong></span> <span class='ocrx_word' id='word_1_148' title='bbox 367 2335 448 2394; x_wconf 87' lang='lat' dir='ltr'><strong>bella</strong></span> <span class='ocrx_word' id='word_1_149' title='bbox 461 2339 605 2392; x_wconf 89' lang='lat' dir='ltr'><strong>movente</strong></span> <span class='ocrx_word' id='word_1_150' title='bbox 620 2333 704 2392; x_wconf 90' lang='lat' dir='ltr'><strong>Geta.</strong></span> 
     </span>
     <span class='ocr_line' id='line_1_24' title="bbox 65 2411 812 2495; baseline -0.003 -23"><span class='ocrx_word' id='word_1_151' title='bbox 65 2411 147 2490; x_wconf 84' lang='lat' dir='ltr'><strong>Deque</strong></span> <span class='ocrx_word' id='word_1_152' title='bbox 160 2423 203 2479; x_wconf 91' lang='lat' dir='ltr'><strong>tot</strong></span> <span class='ocrx_word' id='word_1_153' title='bbox 218 2419 357 2495; x_wconf 89' lang='lat' dir='ltr'><strong>expulsis</strong></span> <span class='ocrx_word' id='word_1_154' title='bbox 372 2435 439 2479; x_wconf 92' lang='lat' dir='ltr'><strong>sum</strong></span> <span class='ocrx_word' id='word_1_155' title='bbox 454 2417 541 2477; x_wconf 91' lang='lat' dir='ltr'><strong>miles</strong></span> <span class='ocrx_word' id='word_1_156' title='bbox 557 2418 586 2476; x_wconf 93' lang='lat' dir='ltr'><strong>in</strong></span> <span class='ocrx_word' id='word_1_157' title='bbox 603 2417 694 2476; x_wconf 87' lang='lat' dir='ltr'><strong>exule</strong></span> <span class='ocrx_word' id='word_1_158' title='bbox 709 2416 812 2476; x_wconf 83' lang='lat' dir='ltr'><strong>solus:</strong></span> 
     </span>
     <span class='ocr_line' id='line_1_25' title="bbox 93 2498 766 2579; baseline 0 -22"><span class='ocrx_word' id='word_1_159' title='bbox 93 2498 164 2577; x_wconf 87' lang='lat' dir='ltr'><strong>Tuta,</strong></span> <span class='ocrx_word' id='word_1_160' title='bbox 188 2518 290 2579; x_wconf 90' lang='lat' dir='ltr'><strong>neque</strong></span> <span class='ocrx_word' id='word_1_161' title='bbox 306 2503 438 2577; x_wconf 88' lang='lat' dir='ltr'><strong>invideo,</strong></span> <span class='ocrx_word' id='word_1_162' title='bbox 462 2511 564 2563; x_wconf 89' lang='lat' dir='ltr'><strong>cetera</strong></span> <span class='ocrx_word' id='word_1_163' title='bbox 578 2500 666 2561; x_wconf 90' lang='lat' dir='ltr'><strong>turba</strong></span> <span class='ocrx_word' id='word_1_164' title='bbox 685 2500 766 2558; x_wconf 88' lang='lat' dir='ltr'><strong>latet.</strong></span> 
     </span>
     <span class='ocr_line' id='line_1_26' title="bbox 65 2579 810 2662; baseline 0.004 -22"><span class='ocrx_word' id='word_1_165' title='bbox 65 2579 167 2659; x_wconf 77' lang='lat' dir='ltr'><strong>Quoque</strong></span> <span class='ocrx_word' id='word_1_166' title='bbox 181 2587 280 2662; x_wconf 79' lang='lat' dir='ltr'><strong>magis</strong></span> <span class='ocrx_word' id='word_1_167' title='bbox 295 2595 418 2648; x_wconf 92' lang='lat' dir='ltr'><strong>nostros</strong></span> <span class='ocrx_word' id='word_1_168' title='bbox 434 2587 525 2646; x_wconf 87' lang='lat' dir='ltr'><strong>venia</strong></span> <span class='ocrx_word' id='word_1_169' title='bbox 539 2587 665 2661; x_wconf 83' lang='lat' dir='ltr'><strong>dignere</strong></span> <span class='ocrx_word' id='word_1_170' title='bbox 680 2583 810 2654; x_wconf 84' lang='lat' dir='ltr'><strong>libellos,</strong></span> 
     </span>
     <span class='ocr_line' id='line_1_27' title="bbox 23 2667 743 2748; baseline -0.003 -20"><span class='ocrx_word' id='word_1_171' title='bbox 23 2729 25 2748; x_wconf 23' lang='grc' dir='ltr'><em>ἵ</em></span> <span class='ocrx_word' id='word_1_172' title='bbox 41 2671 60 2720; x_wconf 87' lang='grc'><strong>11</strong></span> <span class='ocrx_word' id='word_1_173' title='bbox 96 2667 213 2729; x_wconf 88' lang='lat' dir='ltr'><strong>Haecin</strong></span> <span class='ocrx_word' id='word_1_174' title='bbox 228 2672 388 2746; x_wconf 88' lang='lat' dir='ltr'><strong>procinctu</strong></span> <span class='ocrx_word' id='word_1_175' title='bbox 403 2672 539 2732; x_wconf 90' lang='lat' dir='ltr'><strong>carmina</strong></span> <span class='ocrx_word' id='word_1_176' title='bbox 553 2671 633 2730; x_wconf 88' lang='lat' dir='ltr'><strong>iacta</strong></span> <span class='ocrx_word' id='word_1_177' title='bbox 648 2670 743 2744; x_wconf 79' lang='lat' dir='ltr'><strong>leges.</strong></span> 
     </span>
     <span class='ocr_line' id='line_1_28' title="bbox 23 2745 824 2832; baseline 0.004 -24"><span class='ocrx_word' id='word_1_178' title='bbox 23 2785 24 2826; x_wconf 68' lang='lat'><strong>,</strong></span> <span class='ocrx_word' id='word_1_179' title='bbox 65 2745 113 2810; x_wconf 86' lang='lat' dir='ltr'><strong>Stat</strong></span> <span class='ocrx_word' id='word_1_180' title='bbox 125 2761 206 2816; x_wconf 90' lang='lat' dir='ltr'><strong>vetus</strong></span> <span class='ocrx_word' id='word_1_181' title='bbox 223 2755 305 2830; x_wconf 91' lang='lat' dir='ltr'><strong>urbs,</strong></span> <span class='ocrx_word' id='word_1_182' title='bbox 327 2757 413 2832; x_wconf 84' lang='lat' dir='ltr'><strong>ripae</strong></span> <span class='ocrx_word' id='word_1_183' title='bbox 428 2755 529 2815; x_wconf 89' lang='lat' dir='ltr'><strong>vicina</strong></span> <span class='ocrx_word' id='word_1_184' title='bbox 541 2754 706 2815; x_wconf 89' lang='lat' dir='ltr'><strong>binominis</strong></span> <span class='ocrx_word' id='word_1_185' title='bbox 722 2753 824 2826; x_wconf 87' lang='lat' dir='ltr'><strong>Histri,</strong></span> 
     </span>
     <span class='ocr_line' id='line_1_29' title="bbox 92 2835 713 2914; baseline -0.003 -18"><span class='ocrx_word' id='word_1_186' title='bbox 92 2835 240 2899; x_wconf 85' lang='lat' dir='ltr'><strong>Moenibus</strong></span> <span class='ocrx_word' id='word_1_187' title='bbox 257 2847 287 2900; x_wconf 90' lang='lat' dir='ltr'><strong>et</strong></span> <span class='ocrx_word' id='word_1_188' title='bbox 301 2841 405 2914; x_wconf 91' lang='lat' dir='ltr'><strong>positu</strong></span> <span class='ocrx_word' id='word_1_189' title='bbox 419 2840 473 2898; x_wconf 91' lang='lat' dir='ltr'><strong>vix</strong></span> <span class='ocrx_word' id='word_1_190' title='bbox 487 2839 630 2899; x_wconf 85' lang='lat' dir='ltr'><strong>adeundo</strong></span> <span class='ocrx_word' id='word_1_191' title='bbox 643 2839 713 2898; x_wconf 90' lang='lat' dir='ltr'><strong>ioci.</strong></span> 
     </span>
     <span class='ocr_line' id='line_1_30' title="bbox 65 2915 753 2999; baseline 0.003 -21"><span class='ocrx_word' id='word_1_192' title='bbox 65 2915 169 2996; x_wconf 82' lang='lat' dir='ltr'><strong>Caspios</strong></span> <span class='ocrx_word' id='word_1_193' title='bbox 183 2924 329 2999; x_wconf 82' lang='lat' dir='ltr'><strong>Aegisos,</strong></span> <span class='ocrx_word' id='word_1_194' title='bbox 353 2925 391 2984; x_wconf 94' lang='lat' dir='ltr'><strong>de</strong></span> <span class='ocrx_word' id='word_1_195' title='bbox 406 2939 442 2984; x_wconf 90' lang='lat' dir='ltr'><strong>se</strong></span> <span class='ocrx_word' id='word_1_196' title='bbox 456 2924 483 2984; x_wconf 90' lang='lat' dir='ltr'><strong>si</strong></span> <span class='ocrx_word' id='word_1_197' title='bbox 499 2923 651 2983; x_wconf 90' lang='lat' dir='ltr'><strong>credimus</strong></span> <span class='ocrx_word' id='word_1_198' title='bbox 667 2921 753 2998; x_wconf 88' lang='lat' dir='ltr'><strong>ipsis,</strong></span> 
     </span>
     <span class='ocr_line' id='line_1_31' title="bbox 92 3002 758 3084; baseline -0.002 -20"><span class='ocrx_word' id='word_1_199' title='bbox 92 3002 231 3083; x_wconf 80' lang='lat' dir='ltr'><strong>Condidit,</strong></span> <span class='ocrx_word' id='word_1_200' title='bbox 257 3016 286 3067; x_wconf 91' lang='lat' dir='ltr'><strong>et</strong></span> <span class='ocrx_word' id='word_1_201' title='bbox 300 3009 425 3084; x_wconf 90' lang='lat' dir='ltr'><strong>proprio</strong></span> <span class='ocrx_word' id='word_1_202' title='bbox 441 3007 564 3068; x_wconf 90' lang='lat' dir='ltr'><strong>nomine</strong></span> <span class='ocrx_word' id='word_1_203' title='bbox 580 3007 655 3066; x_wconf 88' lang='lat' dir='ltr'><strong>dixit</strong></span> <span class='ocrx_word' id='word_1_204' title='bbox 670 3022 758 3082; x_wconf 85' lang='lat' dir='ltr'><strong>opus.</strong></span> 
     </span>
     <span class='ocr_line' id='line_1_32' title="bbox 40 3083 840 3170; baseline 0.006 -26"><span class='ocrx_word' id='word_1_205' title='bbox 40 3089 58 3139; x_wconf 83' lang='grc'><strong>11</strong></span> <span class='ocrx_word' id='word_1_206' title='bbox 65 3083 130 3148; x_wconf 87' lang='lat' dir='ltr'><strong>Hauc</strong></span> <span class='ocrx_word' id='word_1_207' title='bbox 141 3091 233 3165; x_wconf 79' lang='lat' dir='ltr'><strong>serua,</strong></span> <span class='ocrx_word' id='word_1_208' title='bbox 255 3091 397 3170; x_wconf 82' lang='lat' dir='ltr'><strong>Odrysiis</strong></span> <span class='ocrx_word' id='word_1_209' title='bbox 412 3093 538 3169; x_wconf 89' lang='lat' dir='ltr'><strong>inopino</strong></span> <span class='ocrx_word' id='word_1_210' title='bbox 553 3098 648 3150; x_wconf 84' lang='lat' dir='ltr'><strong>marte</strong></span> <span class='ocrx_word' id='word_1_211' title='bbox 664 3090 840 3166; x_wconf 74' lang='lat' dir='ltr'><strong>peremptio,</strong></span> 
     </span>
     <span class='ocr_line' id='line_1_33' title="bbox 91 3171 747 3252; baseline 0.002 -20"><span class='ocrx_word' id='word_1_212' title='bbox 91 3171 175 3250; x_wconf 82' lang='lat' dir='ltr'><strong>Cepit,</strong></span> <span class='ocrx_word' id='word_1_213' title='bbox 199 3182 229 3235; x_wconf 92' lang='lat' dir='ltr'><strong>et</strong></span> <span class='ocrx_word' id='word_1_214' title='bbox 244 3176 274 3235; x_wconf 91' lang='lat' dir='ltr'><strong>in</strong></span> <span class='ocrx_word' id='word_1_215' title='bbox 290 3192 395 3252; x_wconf 85' lang='lat' dir='ltr'><strong>regem</strong></span> <span class='ocrx_word' id='word_1_216' title='bbox 410 3177 531 3238; x_wconf 90' lang='lat' dir='ltr'><strong>sustulit</strong></span> <span class='ocrx_word' id='word_1_217' title='bbox 547 3192 631 3236; x_wconf 86' lang='lat' dir='ltr'><strong>orma</strong></span> <span class='ocrx_word' id='word_1_218' title='bbox 647 3175 747 3234; x_wconf 87' lang='lat' dir='ltr'><strong>Getes.</strong></span> 
     </span>
     <span class='ocr_line' id='line_1_34' title="bbox 62 3252 832 3337; baseline 0.012 -28"><span class='ocrx_word' id='word_1_219' title='bbox 62 3252 98 3314; x_wconf 85' lang='lat' dir='ltr'><strong>lite</strong></span> <span class='ocrx_word' id='word_1_220' title='bbox 109 3273 221 3322; x_wconf 88' lang='lat' dir='ltr'><strong>memor</strong></span> <span class='ocrx_word' id='word_1_221' title='bbox 234 3261 336 3337; x_wconf 80' lang='lat' dir='ltr'><strong>magni</strong></span> <span class='ocrx_word' id='word_1_222' title='bbox 352 3263 483 3336; x_wconf 82' lang='lat' dir='ltr'><strong>generis,</strong></span> <span class='ocrx_word' id='word_1_223' title='bbox 507 3261 617 3321; x_wconf 90' lang='lat' dir='ltr'><strong>virtute</strong></span> <span class='ocrx_word' id='word_1_224' title='bbox 634 3259 717 3336; x_wconf 90' lang='lat' dir='ltr'><strong>quod</strong></span> <span class='ocrx_word' id='word_1_225' title='bbox 734 3268 832 3335; x_wconf 84' lang='lat' dir='ltr'><strong>auget,</strong></span> 
     </span>
     <span class='ocr_line' id='line_1_35' title="bbox 88 3338 749 3407; baseline 0.003 -7"><span class='ocrx_word' id='word_1_226' title='bbox 88 3338 219 3405; x_wconf 85' lang='lat' dir='ltr'><strong>Protinus</strong></span> <span class='ocrx_word' id='word_1_227' title='bbox 236 3344 394 3406; x_wconf 90' lang='lat' dir='ltr'><strong>innumero</strong></span> <span class='ocrx_word' id='word_1_228' title='bbox 409 3345 502 3407; x_wconf 85' lang='lat' dir='ltr'><strong>milite</strong></span> <span class='ocrx_word' id='word_1_229' title='bbox 518 3346 635 3405; x_wconf 88' lang='lat' dir='ltr'><strong>cinctus</strong></span> <span class='ocrx_word' id='word_1_230' title='bbox 652 3345 749 3404; x_wconf 87' lang='lat' dir='ltr'><strong>adest.</strong></span> 
     </span>
     <span class='ocr_line' id='line_1_36' title="bbox 60 3419 903 3506; baseline 0.004 -23"><span class='ocrx_word' id='word_1_231' title='bbox 60 3419 103 3483; x_wconf 86' lang='lat' dir='ltr'><strong>Neo</strong></span> <span class='ocrx_word' id='word_1_232' title='bbox 116 3428 199 3501; x_wconf 85' lang='lat' dir='ltr'><strong>prius</strong></span> <span class='ocrx_word' id='word_1_233' title='bbox 215 3429 377 3506; x_wconf 80' lang='lat' dir='ltr'><strong>abscessit,</strong></span> <span class='ocrx_word' id='word_1_234' title='bbox 400 3431 506 3490; x_wconf 90' lang='lat' dir='ltr'><strong>merita</strong></span> <span class='ocrx_word' id='word_1_235' title='bbox 523 3443 614 3505; x_wconf 91' lang='lat' dir='ltr'><strong>quam</strong></span> <span class='ocrx_word' id='word_1_236' title='bbox 630 3428 726 3489; x_wconf 88' lang='lat' dir='ltr'><strong>caedo</strong></span> <span class='ocrx_word' id='word_1_237' title='bbox 740 3430 903 3488; x_wconf 89' lang='lat' dir='ltr'><strong>nocentum</strong></span> 
     </span>
    </p>
   </div>
   <div class='ocr_carea' id='block_1_5' title="bbox 25 3503 193 3892">
    <p class='ocr_par' dir='ltr' id='par_1_5' title="bbox 25 3503 193 3892">
     <span class='ocr_line' id='line_1_37' title="bbox 37 3503 56 3558; baseline 0 0"><span class='ocrx_word' id='word_1_238' title='bbox 37 3503 56 3558; x_wconf 84' lang='grc'><strong>11</strong></span> 
     </span>
     <span class='ocr_line' id='line_1_38' title="bbox 25 3523 193 3892; baseline 0.036 -244"><span class='ocrx_word' id='word_1_239' title='bbox 25 3523 36 3892; x_wconf 63' lang='grc' dir='ltr'>ι</span> <span class='ocrx_word' id='word_1_240' title='bbox 60 3605 121 3652; x_wconf 88' lang='lat' dir='ltr'><strong>ouro.</strong></span> <span class='ocrx_word' id='word_1_241' title='bbox 142 3597 193 3656; x_wconf 91' lang='grc'><strong>111.</strong></span> 
     </span>
    </p>
   </div>
   <div class='ocr_carea' id='block_1_6' title="bbox 0 0 1202 3940">
    <p class='ocr_par' dir='ltr' id='par_1_6' title="bbox 0 0 1202 3940">
     <span class='ocr_line' id='line_1_39' title="bbox 0 0 1202 3940; baseline 0 0"><span class='ocrx_word' id='word_1_242' title='bbox 0 0 1202 3940; x_wconf 95' lang='lat' dir='ltr'><strong> </strong></span> 
     </span>
    </p>
   </div>
  </div>
 </body>
</html>
