<?xml version="1.0" encoding="UTF-8"?>
<!DOCTYPE html PUBLIC "-//W3C//DTD XHTML 1.0 Transitional//EN"
    "http://www.w3.org/TR/xhtml1/DTD/xhtml1-transitional.dtd">
<html xmlns="http://www.w3.org/1999/xhtml" xml:lang="en" lang="en">
 <head>
  <title>
</title>
<meta http-equiv="Content-Type" content="text/html;charset=utf-8" />
  <meta name='ocr-system' content='tesseract 3.04.00' />
  <meta name='ocr-capabilities' content='ocr_page ocr_carea ocr_par ocr_line ocrx_word'/>
</head>
<body>
  <div class='ocr_page' id='page_1' title='image "./povidiusnaso00goog_0086.png"; bbox 0 0 2394 3940; ppageno 0'>
   <div class='ocr_carea' id='block_1_1' title="bbox 312 203 711 286">
    <p class='ocr_par' dir='ltr' id='par_1_1' title="bbox 312 203 711 286">
     <span class='ocr_line' id='line_1_1' title="bbox 312 203 711 286; baseline 0.005 -17"><span class='ocrx_word' id='word_1_1' title='bbox 312 205 449 284; x_wconf 69' lang='lat' dir='ltr'>tv,10,</span> <span class='ocrx_word' id='word_1_2' title='bbox 474 203 601 286; x_wconf 81' lang='lat' dir='ltr'>to-v,</span> <span class='ocrx_word' id='word_1_3' title='bbox 625 209 659 286; x_wconf 91' lang='lat'>1,</span> <span class='ocrx_word' id='word_1_4' title='bbox 681 211 711 274; x_wconf 90' lang='lat' dir='ltr'>o.</span> 
     </span>
    </p>
   </div>
   <div class='ocr_carea' id='block_1_2' title="bbox 48 358 1018 2472">
    <p class='ocr_par' dir='ltr' id='par_1_2' title="bbox 48 358 1018 2472">
     <span class='ocr_line' id='line_1_2' title="bbox 139 358 820 441; baseline 0.004 -19"><span class='ocrx_word' id='word_1_5' title='bbox 139 361 292 428; x_wconf 82' lang='lat' dir='ltr'>occultum</span> <span class='ocrx_word' id='word_1_6' title='bbox 306 358 415 420; x_wconf 86' lang='lat' dir='ltr'>stellae</span> <span class='ocrx_word' id='word_1_7' title='bbox 430 359 692 438; x_wconf 89' lang='lat' dir='ltr'>conspicuumque</span> <span class='ocrx_word' id='word_1_8' title='bbox 705 364 820 441; x_wconf 91' lang='lat' dir='ltr'>polum.</span> 
     </span>
     <span class='ocr_line' id='line_1_3' title="bbox 99 442 782 520; baseline 0 -11"><span class='ocrx_word' id='word_1_9' title='bbox 99 450 183 510; x_wconf 83' lang='lat' dir='ltr'>Tacta</span> <span class='ocrx_word' id='word_1_10' title='bbox 200 444 274 506; x_wconf 91' lang='lat' dir='ltr'>mibi</span> <span class='ocrx_word' id='word_1_11' title='bbox 291 442 416 504; x_wconf 86' lang='lat' dir='ltr'>landem</span> <span class='ocrx_word' id='word_1_12' title='bbox 430 443 530 520; x_wconf 79' lang='lat' dir='ltr'>longis</span> <span class='ocrx_word' id='word_1_13' title='bbox 545 445 699 509; x_wconf 89' lang='lat' dir='ltr'>erroribus</span> <span class='ocrx_word' id='word_1_14' title='bbox 713 455 782 509; x_wconf 90' lang='lat' dir='ltr'>acto</span> 
     </span>
     <span class='ocr_line' id='line_1_4' title="bbox 48 526 779 606; baseline -0.004 -12"><span class='ocrx_word' id='word_1_15' title='bbox 48 541 91 596; x_wconf 86' lang='lat' dir='ltr'>lle</span> <span class='ocrx_word' id='word_1_16' title='bbox 135 531 235 592; x_wconf 87' lang='lat' dir='ltr'>Iuncta</span> <span class='ocrx_word' id='word_1_17' title='bbox 252 526 435 606; x_wconf 77' lang='lat' dir='ltr'><strong>pharetratis</strong></span> <span class='ocrx_word' id='word_1_18' title='bbox 450 526 597 590; x_wconf 87' lang='lat' dir='ltr'>Sarmatis</span> <span class='ocrx_word' id='word_1_19' title='bbox 612 544 667 592; x_wconf 90' lang='lat' dir='ltr'>ora</span> <span class='ocrx_word' id='word_1_20' title='bbox 686 531 779 594; x_wconf 81' lang='lat' dir='ltr'>Getis.</span> 
     </span>
     <span class='ocr_line' id='line_1_5' title="bbox 100 611 874 694; baseline 0.001 -17"><span class='ocrx_word' id='word_1_21' title='bbox 100 615 151 677; x_wconf 84' lang='lat' dir='ltr'>iiic</span> <span class='ocrx_word' id='word_1_22' title='bbox 166 629 223 690; x_wconf 82' lang='lat' dir='ltr'>ego</span> <span class='ocrx_word' id='word_1_23' title='bbox 240 611 376 675; x_wconf 87' lang='lat' dir='ltr'>finitimis</span> <span class='ocrx_word' id='word_1_24' title='bbox 392 612 531 688; x_wconf 83' lang='lat' dir='ltr'>quamvis</span> <span class='ocrx_word' id='word_1_25' title='bbox 547 613 757 678; x_wconf 87' lang='lat' dir='ltr'>circumsoner</span> <span class='ocrx_word' id='word_1_26' title='bbox 771 618 874 694; x_wconf 84' lang='lat' dir='ltr'>armis,</span> 
     </span>
     <span class='ocr_line' id='line_1_6' title="bbox 135 697 814 774; baseline 0.006 -13"><span class='ocrx_word' id='word_1_27' title='bbox 135 698 254 774; x_wconf 86' lang='lat' dir='ltr'>Tristia,</span> <span class='ocrx_word' id='word_1_28' title='bbox 272 714 334 774; x_wconf 91' lang='lat' dir='ltr'>quo</span> <span class='ocrx_word' id='word_1_29' title='bbox 349 712 493 774; x_wconf 91' lang='lat' dir='ltr'>possum,</span> <span class='ocrx_word' id='word_1_30' title='bbox 509 697 644 759; x_wconf 80' lang='lat' dir='ltr'><strong>carmine</strong></span> <span class='ocrx_word' id='word_1_31' title='bbox 658 700 720 761; x_wconf 88' lang='lat' dir='ltr'>iata</span> <span class='ocrx_word' id='word_1_32' title='bbox 733 701 814 765; x_wconf 89' lang='lat' dir='ltr'>levo.</span> 
     </span>
     <span class='ocr_line' id='line_1_7' title="bbox 101 781 958 864; baseline 0.007 -20"><span class='ocrx_word' id='word_1_33' title='bbox 101 782 179 857; x_wconf 78' lang='lat' dir='ltr'>Quod</span> <span class='ocrx_word' id='word_1_34' title='bbox 194 781 334 860; x_wconf 89' lang='lat' dir='ltr'>quamvis</span> <span class='ocrx_word' id='word_1_35' title='bbox 349 795 440 842; x_wconf 88' lang='lat' dir='ltr'>nemo</span> <span class='ocrx_word' id='word_1_36' title='bbox 456 787 518 859; x_wconf 86' lang='lat' dir='ltr'>est,</span> <span class='ocrx_word' id='word_1_37' title='bbox 534 783 622 847; x_wconf 88' lang='lat' dir='ltr'>euius</span> <span class='ocrx_word' id='word_1_38' title='bbox 639 784 789 848; x_wconf 84' lang='lat' dir='ltr'>referatur</span> <span class='ocrx_word' id='word_1_39' title='bbox 803 784 843 845; x_wconf 86' lang='lat' dir='ltr'>ad</span> <span class='ocrx_word' id='word_1_40' title='bbox 858 801 958 864; x_wconf 89' lang='lat' dir='ltr'>aures,</span> 
     </span>
     <span class='ocr_line' id='line_1_8' title="bbox 136 865 754 946; baseline 0.002 -17"><span class='ocrx_word' id='word_1_41' title='bbox 136 867 185 930; x_wconf 84' lang='lat' dir='ltr'>Sic</span> <span class='ocrx_word' id='word_1_42' title='bbox 198 873 300 929; x_wconf 88' lang='lat' dir='ltr'>tamen</span> <span class='ocrx_word' id='word_1_43' title='bbox 317 865 448 930; x_wconf 82' lang='lat' dir='ltr'><strong>absumo</strong></span> <span class='ocrx_word' id='word_1_44' title='bbox 463 867 649 946; x_wconf 81' lang='lat' dir='ltr'>decipioque</span> <span class='ocrx_word' id='word_1_45' title='bbox 664 869 754 932; x_wconf 91' lang='lat' dir='ltr'>diem.</span> 
     </span>
     <span class='ocr_line' id='line_1_9' title="bbox 49 951 835 1033; baseline 0.004 -19"><span class='ocrx_word' id='word_1_46' title='bbox 49 958 90 1014; x_wconf 73' lang='lat' dir='ltr'>lli</span> <span class='ocrx_word' id='word_1_47' title='bbox 99 951 171 1030; x_wconf 81' lang='lat' dir='ltr'>Ergo</span> <span class='ocrx_word' id='word_1_48' title='bbox 188 953 272 1030; x_wconf 89' lang='lat' dir='ltr'>quod</span> <span class='ocrx_word' id='word_1_49' title='bbox 290 953 378 1026; x_wconf 79' lang='lat' dir='ltr'>vivo,</span> <span class='ocrx_word' id='word_1_50' title='bbox 401 952 547 1030; x_wconf 87' lang='lat' dir='ltr'>durisque</span> <span class='ocrx_word' id='word_1_51' title='bbox 561 953 719 1018; x_wconf 82' lang='lat' dir='ltr'>laboribus</span> <span class='ocrx_word' id='word_1_52' title='bbox 736 953 835 1033; x_wconf 84' lang='lat' dir='ltr'>obsto,</span> 
     </span>
     <span class='ocr_line' id='line_1_10' title="bbox 134 1037 770 1117; baseline 0.003 -18"><span class='ocrx_word' id='word_1_53' title='bbox 134 1037 194 1100; x_wconf 86' lang='lat' dir='ltr'>ilco</span> <span class='ocrx_word' id='word_1_54' title='bbox 212 1053 262 1099; x_wconf 91' lang='lat' dir='ltr'>me</span> <span class='ocrx_word' id='word_1_55' title='bbox 276 1037 427 1100; x_wconf 80' lang='lat' dir='ltr'>sollicitae</span> <span class='ocrx_word' id='word_1_56' title='bbox 440 1038 543 1100; x_wconf 88' lang='lat' dir='ltr'>taedia</span> <span class='ocrx_word' id='word_1_57' title='bbox 556 1038 633 1101; x_wconf 88' lang='lat' dir='ltr'>lucis</span> <span class='ocrx_word' id='word_1_58' title='bbox 647 1038 770 1117; x_wconf 75' lang='lat' dir='ltr'>habent,</span> 
     </span>
     <span class='ocr_line' id='line_1_11' title="bbox 103 1121 848 1201; baseline 0 -16"><span class='ocrx_word' id='word_1_59' title='bbox 103 1123 207 1199; x_wconf 81' lang='lat' dir='ltr'>Gratia,</span> <span class='ocrx_word' id='word_1_60' title='bbox 223 1122 329 1201; x_wconf 86' lang='lat' dir='ltr'>Musa,</span> <span class='ocrx_word' id='word_1_61' title='bbox 346 1121 410 1183; x_wconf 85' lang='lat' dir='ltr'>tibi.</span> <span class='ocrx_word' id='word_1_62' title='bbox 444 1139 516 1186; x_wconf 91' lang='lat' dir='ltr'>nam</span> <span class='ocrx_word' id='word_1_63' title='bbox 529 1129 563 1185; x_wconf 92' lang='grc' dir='ltr'>ιιι</span> <span class='ocrx_word' id='word_1_64' title='bbox 575 1123 693 1186; x_wconf 84' lang='lat' dir='ltr'>solacia</span> <span class='ocrx_word' id='word_1_65' title='bbox 707 1123 848 1201; x_wconf 82' lang='lat' dir='ltr'>praebes,</span> 
     </span>
     <span class='ocr_line' id='line_1_12' title="bbox 135 1206 767 1284; baseline -0.003 -12"><span class='ocrx_word' id='word_1_66' title='bbox 135 1209 178 1272; x_wconf 81' lang='lat' dir='ltr'>l&#39;u</span> <span class='ocrx_word' id='word_1_67' title='bbox 192 1224 284 1270; x_wconf 87' lang='lat' dir='ltr'>curae</span> <span class='ocrx_word' id='word_1_68' title='bbox 297 1208 437 1284; x_wconf 88' lang='lat' dir='ltr'>requies,</span> <span class='ocrx_word' id='word_1_69' title='bbox 456 1215 489 1270; x_wconf 91' lang='lat' dir='ltr'>tu</span> <span class='ocrx_word' id='word_1_70' title='bbox 502 1206 654 1270; x_wconf 88' lang='lat' dir='ltr'>medicina</span> <span class='ocrx_word' id='word_1_71' title='bbox 669 1208 767 1272; x_wconf 87' lang='lat' dir='ltr'>venis.</span> 
     </span>
     <span class='ocr_line' id='line_1_13' title="bbox 101 1293 906 1380; baseline 0.012 -26"><span class='ocrx_word' id='word_1_72' title='bbox 101 1293 138 1354; x_wconf 83' lang='lat' dir='ltr'>lu</span> <span class='ocrx_word' id='word_1_73' title='bbox 151 1294 214 1358; x_wconf 86' lang='lat' dir='ltr'>dux</span> <span class='ocrx_word' id='word_1_74' title='bbox 229 1300 260 1355; x_wconf 85' lang='lat' dir='ltr'>et</span> <span class='ocrx_word' id='word_1_75' title='bbox 275 1307 380 1355; x_wconf 87' lang='lat' dir='ltr'>comcs</span> <span class='ocrx_word' id='word_1_76' title='bbox 396 1308 440 1354; x_wconf 88' lang='lat' dir='ltr'>es.</span> <span class='ocrx_word' id='word_1_77' title='bbox 476 1301 508 1355; x_wconf 91' lang='lat' dir='ltr'>tu</span> <span class='ocrx_word' id='word_1_78' title='bbox 523 1310 581 1357; x_wconf 91' lang='lat' dir='ltr'>nos</span> <span class='ocrx_word' id='word_1_79' title='bbox 596 1295 725 1360; x_wconf 89' lang='lat' dir='ltr'>abducis</span> <span class='ocrx_word' id='word_1_80' title='bbox 740 1297 780 1360; x_wconf 88' lang='lat' dir='ltr'>ab</span> <span class='ocrx_word' id='word_1_81' title='bbox 793 1301 906 1380; x_wconf 86' lang='lat' dir='ltr'>Histro,</span> 
     </span>
     <span class='ocr_line' id='line_1_14' title="bbox 51 1375 804 1454; baseline 0.012 -17"><span class='ocrx_word' id='word_1_82' title='bbox 51 1385 93 1438; x_wconf 84' lang='lat' dir='ltr'>llo</span> <span class='ocrx_word' id='word_1_83' title='bbox 135 1378 166 1438; x_wconf 91' lang='lat' dir='ltr'>ln</span> <span class='ocrx_word' id='word_1_84' title='bbox 182 1378 350 1454; x_wconf 90' lang='lat' dir='ltr'>medioque</span> <span class='ocrx_word' id='word_1_85' title='bbox 364 1375 438 1438; x_wconf 91' lang='lat' dir='ltr'>mihi</span> <span class='ocrx_word' id='word_1_86' title='bbox 454 1378 510 1442; x_wconf 88' lang='lat' dir='ltr'>das</span> <span class='ocrx_word' id='word_1_87' title='bbox 527 1379 674 1444; x_wconf 86' lang='lat' dir='ltr'>Helicone</span> <span class='ocrx_word' id='word_1_88' title='bbox 692 1384 804 1446; x_wconf 89' lang='lat' dir='ltr'>locum.</span> 
     </span>
     <span class='ocr_line' id='line_1_15' title="bbox 101 1461 893 1542; baseline 0.013 -20"><span class='ocrx_word' id='word_1_89' title='bbox 101 1461 137 1522; x_wconf 83' lang='lat' dir='ltr'>lu</span> <span class='ocrx_word' id='word_1_90' title='bbox 149 1462 236 1537; x_wconf 88' lang='lat' dir='ltr'>mibi,</span> <span class='ocrx_word' id='word_1_91' title='bbox 254 1463 339 1540; x_wconf 91' lang='lat' dir='ltr'>quod</span> <span class='ocrx_word' id='word_1_92' title='bbox 351 1479 454 1525; x_wconf 88' lang='lat' dir='ltr'>rarum</span> <span class='ocrx_word' id='word_1_93' title='bbox 471 1471 532 1542; x_wconf 83' lang='lat' dir='ltr'>est,</span> <span class='ocrx_word' id='word_1_94' title='bbox 550 1466 621 1530; x_wconf 88' lang='lat' dir='ltr'>vivo</span> <span class='ocrx_word' id='word_1_95' title='bbox 636 1468 767 1531; x_wconf 89' lang='lat' dir='ltr'>sublime</span> <span class='ocrx_word' id='word_1_96' title='bbox 782 1470 893 1532; x_wconf 87' lang='lat' dir='ltr'>dedisti</span> 
     </span>
     <span class='ocr_line' id='line_1_16' title="bbox 134 1545 868 1625; baseline 0.011 -18"><span class='ocrx_word' id='word_1_97' title='bbox 134 1545 267 1624; x_wconf 85' lang='lat' dir='ltr'>Nomen,</span> <span class='ocrx_word' id='word_1_98' title='bbox 282 1547 321 1608; x_wconf 87' lang='lat' dir='ltr'>ab</span> <span class='ocrx_word' id='word_1_99' title='bbox 336 1548 477 1623; x_wconf 87' lang='lat' dir='ltr'>exequiis</span> <span class='ocrx_word' id='word_1_100' title='bbox 493 1549 577 1625; x_wconf 92' lang='lat' dir='ltr'>quod</span> <span class='ocrx_word' id='word_1_101' title='bbox 595 1551 670 1614; x_wconf 87' lang='lat' dir='ltr'>dare</span> <span class='ocrx_word' id='word_1_102' title='bbox 684 1554 766 1615; x_wconf 87' lang='lat' dir='ltr'>lama</span> <span class='ocrx_word' id='word_1_103' title='bbox 779 1556 868 1616; x_wconf 90' lang='lat' dir='ltr'>solet.</span> 
     </span>
     <span class='ocr_line' id='line_1_17' title="bbox 101 1628 816 1715; baseline 0.018 -26"><span class='ocrx_word' id='word_1_104' title='bbox 101 1628 154 1691; x_wconf 91' lang='lat' dir='ltr'>llec</span> <span class='ocrx_word' id='word_1_105' title='bbox 167 1630 220 1708; x_wconf 93' lang='lat' dir='ltr'>qui</span> <span class='ocrx_word' id='word_1_106' title='bbox 235 1631 383 1694; x_wconf 87' lang='lat' dir='ltr'>detrectat</span> <span class='ocrx_word' id='word_1_107' title='bbox 395 1633 584 1710; x_wconf 88' lang='lat' dir='ltr'>praesentia,</span> <span class='ocrx_word' id='word_1_108' title='bbox 604 1633 698 1698; x_wconf 90' lang='lat' dir='ltr'>Livor</span> <span class='ocrx_word' id='word_1_109' title='bbox 711 1637 816 1715; x_wconf 91' lang='lat' dir='ltr'>iniquo</span> 
     </span>
     <span class='ocr_line' id='line_1_18' title="bbox 135 1715 806 1798; baseline 0.009 -22"><span class='ocrx_word' id='word_1_110' title='bbox 135 1715 234 1776; x_wconf 89' lang='lat' dir='ltr'>Ullum</span> <span class='ocrx_word' id='word_1_111' title='bbox 248 1715 288 1778; x_wconf 92' lang='lat' dir='ltr'>de</span> <span class='ocrx_word' id='word_1_112' title='bbox 303 1716 417 1778; x_wconf 90' lang='lat' dir='ltr'>nostris</span> <span class='ocrx_word' id='word_1_113' title='bbox 433 1715 524 1781; x_wconf 86' lang='lat' dir='ltr'>dente</span> <span class='ocrx_word' id='word_1_114' title='bbox 537 1719 702 1784; x_wconf 85' lang='lat' dir='ltr'>momordit</span> <span class='ocrx_word' id='word_1_115' title='bbox 716 1737 806 1798; x_wconf 90' lang='lat' dir='ltr'>opus.</span> 
     </span>
     <span class='ocr_line' id='line_1_19' title="bbox 54 1797 919 1884; baseline 0.012 -24"><span class='ocrx_word' id='word_1_116' title='bbox 54 1797 166 1860; x_wconf 76' lang='lat' dir='ltr'>nobam</span> <span class='ocrx_word' id='word_1_117' title='bbox 177 1799 302 1863; x_wconf 90' lang='lat' dir='ltr'>tulerint</span> <span class='ocrx_word' id='word_1_118' title='bbox 314 1816 444 1877; x_wconf 78' lang='lat' dir='ltr'>magnos</span> <span class='ocrx_word' id='word_1_119' title='bbox 458 1817 527 1866; x_wconf 84' lang='lat' dir='ltr'>cum</span> <span class='ocrx_word' id='word_1_120' title='bbox 541 1804 667 1865; x_wconf 88' lang='lat' dir='ltr'>saecula</span> <span class='ocrx_word' id='word_1_121' title='bbox 679 1812 786 1868; x_wconf 89' lang='lat' dir='ltr'>nostra</span> <span class='ocrx_word' id='word_1_122' title='bbox 800 1815 919 1884; x_wconf 85' lang='lat' dir='ltr'>poetas,</span> 
     </span>
     <span class='ocr_line' id='line_1_20' title="bbox 135 1883 746 1966; baseline 0.011 -22"><span class='ocrx_word' id='word_1_123' title='bbox 135 1883 200 1947; x_wconf 86' lang='lat' dir='ltr'>Non</span> <span class='ocrx_word' id='word_1_124' title='bbox 216 1887 273 1950; x_wconf 88' lang='lat' dir='ltr'>luit</span> <span class='ocrx_word' id='word_1_125' title='bbox 285 1887 409 1965; x_wconf 81' lang='lat' dir='ltr'>ingenio</span> <span class='ocrx_word' id='word_1_126' title='bbox 425 1887 506 1950; x_wconf 87' lang='lat' dir='ltr'>lama</span> <span class='ocrx_word' id='word_1_127' title='bbox 519 1888 653 1966; x_wconf 83' lang='lat' dir='ltr'>maligna</span> <span class='ocrx_word' id='word_1_128' title='bbox 666 1906 746 1953; x_wconf 91' lang='lat' dir='ltr'>meo.</span> 
     </span>
     <span class='ocr_line' id='line_1_21' title="bbox 103 1971 1018 2052; baseline 0.009 -20"><span class='ocrx_word' id='word_1_129' title='bbox 103 1971 228 2052; x_wconf 78' lang='lat' dir='ltr'>eumque</span> <span class='ocrx_word' id='word_1_130' title='bbox 245 1989 303 2051; x_wconf 79' lang='lat' dir='ltr'>ego</span> <span class='ocrx_word' id='word_1_131' title='bbox 323 1989 513 2052; x_wconf 87' lang='lat' dir='ltr'>praeponam</span> <span class='ocrx_word' id='word_1_132' title='bbox 532 1973 645 2037; x_wconf 87' lang='lat' dir='ltr'>multos</span> <span class='ocrx_word' id='word_1_133' title='bbox 660 1975 747 2050; x_wconf 91' lang='lat' dir='ltr'>mihi,</span> <span class='ocrx_word' id='word_1_134' title='bbox 766 1991 827 2038; x_wconf 88' lang='lat' dir='ltr'>non</span> <span class='ocrx_word' id='word_1_135' title='bbox 842 1977 941 2039; x_wconf 89' lang='lat' dir='ltr'>minor</span> <span class='ocrx_word' id='word_1_136' title='bbox 959 1975 1018 2040; x_wconf 84' lang='lat' dir='ltr'>illis</span> 
     </span>
     <span class='ocr_line' id='line_1_22' title="bbox 131 2053 881 2142; baseline 0.004 -24"><span class='ocrx_word' id='word_1_137' title='bbox 131 2053 223 2119; x_wconf 86' lang='lat' dir='ltr'>llicor</span> <span class='ocrx_word' id='word_1_138' title='bbox 239 2065 270 2120; x_wconf 89' lang='lat' dir='ltr'>et</span> <span class='ocrx_word' id='word_1_139' title='bbox 282 2057 313 2119; x_wconf 89' lang='lat' dir='ltr'>in</span> <span class='ocrx_word' id='word_1_140' title='bbox 327 2066 393 2120; x_wconf 88' lang='lat' dir='ltr'>toto</span> <span class='ocrx_word' id='word_1_141' title='bbox 407 2058 559 2142; x_wconf 87' lang='lat' dir='ltr'>plurimus</span> <span class='ocrx_word' id='word_1_142' title='bbox 575 2059 651 2120; x_wconf 92' lang='lat' dir='ltr'>orbe</span> <span class='ocrx_word' id='word_1_143' title='bbox 666 2060 762 2135; x_wconf 72' lang='lat' dir='ltr'>legor.</span> <span class='ocrx_word' id='word_1_144' title='bbox 879 2100 881 2104; x_wconf 92' lang='lat'>-</span> 
     </span>
     <span class='ocr_line' id='line_1_23' title="bbox 98 2137 842 2220; baseline 0.007 -19"><span class='ocrx_word' id='word_1_145' title='bbox 98 2137 212 2216; x_wconf 83' lang='lat' dir='ltr'>Siquid</span> <span class='ocrx_word' id='word_1_146' title='bbox 230 2143 345 2204; x_wconf 85' lang='lat' dir='ltr'>babent</span> <span class='ocrx_word' id='word_1_147' title='bbox 360 2142 454 2220; x_wconf 80' lang='lat' dir='ltr'>igitur</span> <span class='ocrx_word' id='word_1_148' title='bbox 468 2150 574 2206; x_wconf 85' lang='lat' dir='ltr'>vetum</span> <span class='ocrx_word' id='word_1_149' title='bbox 589 2141 752 2220; x_wconf 85' lang='lat' dir='ltr'>praesagia</span> <span class='ocrx_word' id='word_1_150' title='bbox 767 2141 842 2218; x_wconf 81' lang='lat' dir='ltr'>veri,</span> 
     </span>
     <span class='ocr_line' id='line_1_24' title="bbox 50 2225 846 2303; baseline 0.009 -21"><span class='ocrx_word' id='word_1_151' title='bbox 50 2226 88 2281; x_wconf 85' lang='lat' dir='ltr'>leo</span> <span class='ocrx_word' id='word_1_152' title='bbox 129 2225 272 2288; x_wconf 85' lang='lat' dir='ltr'>Protinus</span> <span class='ocrx_word' id='word_1_153' title='bbox 288 2235 322 2288; x_wconf 88' lang='lat' dir='ltr'>ut</span> <span class='ocrx_word' id='word_1_154' title='bbox 336 2227 464 2302; x_wconf 88' lang='lat' dir='ltr'>moriar,</span> <span class='ocrx_word' id='word_1_155' title='bbox 484 2237 548 2290; x_wconf 89' lang='lat' dir='ltr'>non</span> <span class='ocrx_word' id='word_1_156' title='bbox 563 2236 745 2303; x_wconf 80' lang='lat' dir='ltr'>ero‚lerra,</span> <span class='ocrx_word' id='word_1_157' title='bbox 763 2235 846 2290; x_wconf 85' lang='lat' dir='ltr'>tuus.</span> 
     </span>
     <span class='ocr_line' id='line_1_25' title="bbox 97 2307 904 2391; baseline 0.006 -23"><span class='ocrx_word' id='word_1_158' title='bbox 97 2307 160 2370; x_wconf 86' lang='lat' dir='ltr'>Sive</span> <span class='ocrx_word' id='word_1_159' title='bbox 173 2308 284 2372; x_wconf 85' lang='lat' dir='ltr'>lavore</span> <span class='ocrx_word' id='word_1_160' title='bbox 300 2309 371 2380; x_wconf 82' lang='lat' dir='ltr'>tuli,</span> <span class='ocrx_word' id='word_1_161' title='bbox 390 2311 459 2373; x_wconf 91' lang='lat' dir='ltr'>sive</span> <span class='ocrx_word' id='word_1_162' title='bbox 472 2311 552 2374; x_wconf 89' lang='lat' dir='ltr'>banc</span> <span class='ocrx_word' id='word_1_163' title='bbox 567 2329 625 2391; x_wconf 79' lang='lat' dir='ltr'>ego</span> <span class='ocrx_word' id='word_1_164' title='bbox 641 2311 777 2374; x_wconf 79' lang='lat' dir='ltr'>carmine</span> <span class='ocrx_word' id='word_1_165' title='bbox 792 2314 904 2376; x_wconf 83' lang='lat' dir='ltr'>remam</span> 
     </span>
     <span class='ocr_line' id='line_1_26' title="bbox 128 2393 784 2472; baseline 0.008 -18"><span class='ocrx_word' id='word_1_166' title='bbox 128 2393 214 2466; x_wconf 91' lang='lat' dir='ltr'>lure,</span> <span class='ocrx_word' id='word_1_167' title='bbox 230 2393 286 2456; x_wconf 86' lang='lat' dir='ltr'>tibi</span> <span class='ocrx_word' id='word_1_168' title='bbox 301 2401 422 2472; x_wconf 78' lang='lat' dir='ltr'>grates,</span> <span class='ocrx_word' id='word_1_169' title='bbox 439 2395 570 2458; x_wconf 87' lang='lat' dir='ltr'>candide</span> <span class='ocrx_word' id='word_1_170' title='bbox 585 2400 696 2468; x_wconf 89' lang='lat' dir='ltr'>lector,</span> <span class='ocrx_word' id='word_1_171' title='bbox 714 2413 784 2472; x_wconf 82' lang='lat' dir='ltr'>ago.</span> 
     </span>
    </p>
   </div>
   <div class='ocr_carea' id='block_1_3' title="bbox 405 2562 620 2576">
    <p class='ocr_par' dir='ltr' id='par_1_3' title="bbox 405 2562 620 2576">
     <span class='ocr_line' id='line_1_27' title="bbox 405 2562 620 2576; baseline -0.028 0"><span class='ocrx_word' id='word_1_172' title='bbox 405 2562 620 2576; x_wconf 53' lang='grc' dir='ltr'><strong><em>ψ</em></strong></span> 
     </span>
    </p>
   </div>
   <div class='ocr_carea' id='block_1_4' title="bbox 297 2667 720 2763">
    <p class='ocr_par' dir='ltr' id='par_1_4' title="bbox 297 2667 720 2763">
     <span class='ocr_line' id='line_1_28' title="bbox 297 2667 720 2763; baseline -0.017 -7"><span class='ocrx_word' id='word_1_173' title='bbox 297 2674 447 2757; x_wconf 84' lang='lat' dir='ltr'>LlBER</span> <span class='ocrx_word' id='word_1_174' title='bbox 486 2667 720 2763; x_wconf 74' lang='lat' dir='ltr'>llUlNTUS·</span> 
     </span>
    </p>
   </div>
   <div class='ocr_carea' id='block_1_5' title="bbox 12 2789 1004 3578">
    <p class='ocr_par' dir='ltr' id='par_1_5' title="bbox 12 2789 1004 3578">
     <span class='ocr_line' id='line_1_29' title="bbox 12 2789 937 2914; baseline -0.011 -29"><span class='ocrx_word' id='word_1_175' title='bbox 12 2851 13 2864; x_wconf 44' lang='grc' dir='ltr'>ι</span> <span class='ocrx_word' id='word_1_176' title='bbox 47 2789 74 2886; x_wconf 79' lang='grc' dir='ltr'>Ῑι</span> <span class='ocrx_word' id='word_1_177' title='bbox 91 2793 173 2890; x_wconf 75' lang='lat' dir='ltr'>Hunc</span> <span class='ocrx_word' id='word_1_178' title='bbox 189 2844 314 2906; x_wconf 90' lang='lat' dir='ltr'>quoque</span> <span class='ocrx_word' id='word_1_179' title='bbox 328 2829 368 2890; x_wconf 90' lang='lat' dir='ltr'>de</span> <span class='ocrx_word' id='word_1_180' title='bbox 383 2829 505 2903; x_wconf 82' lang='lat' dir='ltr'>Getico,</span> <span class='ocrx_word' id='word_1_181' title='bbox 520 2823 617 2884; x_wconf 88' lang='lat' dir='ltr'>nostri</span> <span class='ocrx_word' id='word_1_182' title='bbox 632 2820 786 2914; x_wconf 80' lang='lat' dir='ltr'>studiose,</span> <span class='ocrx_word' id='word_1_183' title='bbox 802 2816 937 2878; x_wconf 90' lang='lat' dir='ltr'>libellum</span> 
     </span>
     <span class='ocr_line' id='line_1_30' title="bbox 12 2906 785 2989; baseline -0.017 -13"><span class='ocrx_word' id='word_1_184' title='bbox 12 2925 14 2986; x_wconf 73' lang='grc' dir='ltr'>ζ</span> <span class='ocrx_word' id='word_1_185' title='bbox 132 2913 233 2975; x_wconf 81' lang='lat' dir='ltr'>Litore</span> <span class='ocrx_word' id='word_1_186' title='bbox 248 2911 429 2989; x_wconf 87' lang='lat' dir='ltr'>praemissis</span> <span class='ocrx_word' id='word_1_187' title='bbox 445 2915 589 2987; x_wconf 88' lang='lat' dir='ltr'>quattuor</span> <span class='ocrx_word' id='word_1_188' title='bbox 602 2906 683 2967; x_wconf 88' lang='lat' dir='ltr'>adde</span> <span class='ocrx_word' id='word_1_189' title='bbox 697 2919 785 2964; x_wconf 87' lang='lat' dir='ltr'>mers.</span> 
     </span>
     <span class='ocr_line' id='line_1_31' title="bbox 12 2989 1004 3074; baseline -0.02 -12"><span class='ocrx_word' id='word_1_190' title='bbox 12 2997 13 3034; x_wconf 69' lang='lat' dir='ltr'>l</span> <span class='ocrx_word' id='word_1_191' title='bbox 96 2999 147 3060; x_wconf 89' lang='lat' dir='ltr'>Hic</span> <span class='ocrx_word' id='word_1_192' title='bbox 161 3012 288 3074; x_wconf 91' lang='lat' dir='ltr'>quoque</span> <span class='ocrx_word' id='word_1_193' title='bbox 306 2997 376 3058; x_wconf 86' lang='lat' dir='ltr'>telis</span> <span class='ocrx_word' id='word_1_194' title='bbox 392 2996 463 3070; x_wconf 90' lang='lat' dir='ltr'>erit,</span> <span class='ocrx_word' id='word_1_195' title='bbox 479 2991 579 3070; x_wconf 89' lang='lat' dir='ltr'>qualis</span> <span class='ocrx_word' id='word_1_196' title='bbox 593 2991 716 3052; x_wconf 84' lang='lat' dir='ltr'>fortuna</span> <span class='ocrx_word' id='word_1_197' title='bbox 729 2989 897 3067; x_wconf 53' lang='lat' dir='ltr'>poctaep</span> <span class='ocrx_word' id='word_1_198' title='bbox 998 3019 1004 3025; x_wconf 89' lang='lat'><em>-</em></span> 
     </span>
     <span class='ocr_line' id='line_1_32' title="bbox 132 3072 709 3143; baseline -0.019 -1"><span class='ocrx_word' id='word_1_199' title='bbox 132 3082 274 3142; x_wconf 87' lang='lat' dir='ltr'>invenies</span> <span class='ocrx_word' id='word_1_200' title='bbox 290 3086 355 3143; x_wconf 94' lang='lat' dir='ltr'>toto</span> <span class='ocrx_word' id='word_1_201' title='bbox 371 3079 506 3140; x_wconf 87' lang='lat' dir='ltr'>carmine</span> <span class='ocrx_word' id='word_1_202' title='bbox 520 3077 611 3138; x_wconf 86' lang='lat' dir='ltr'>dulce</span> <span class='ocrx_word' id='word_1_203' title='bbox 625 3072 709 3134; x_wconf 87' lang='lat' dir='ltr'>nihil.</span> 
     </span>
     <span class='ocr_line' id='line_1_33' title="bbox 69 3155 895 3236; baseline -0.016 -11"><span class='ocrx_word' id='word_1_204' title='bbox 69 3165 213 3226; x_wconf 81' lang='lat' dir='ltr'>eFlebilis</span> <span class='ocrx_word' id='word_1_205' title='bbox 227 3173 263 3226; x_wconf 92' lang='lat' dir='ltr'>ut</span> <span class='ocrx_word' id='word_1_206' title='bbox 275 3173 383 3226; x_wconf 90' lang='lat' dir='ltr'>noster</span> <span class='ocrx_word' id='word_1_207' title='bbox 396 3171 493 3226; x_wconf 90' lang='lat' dir='ltr'>status</span> <span class='ocrx_word' id='word_1_208' title='bbox 510 3166 571 3236; x_wconf 91' lang='lat' dir='ltr'>est,</span> <span class='ocrx_word' id='word_1_209' title='bbox 586 3160 629 3220; x_wconf 86' lang='lat' dir='ltr'>ita</span> <span class='ocrx_word' id='word_1_210' title='bbox 639 3155 743 3219; x_wconf 81' lang='lat' dir='ltr'>flebile</span> <span class='ocrx_word' id='word_1_211' title='bbox 762 3167 895 3227; x_wconf 86' lang='lat' dir='ltr'>carmen,</span> 
     </span>
     <span class='ocr_line' id='line_1_34' title="bbox 130 3245 733 3326; baseline -0.02 -15"><span class='ocrx_word' id='word_1_212' title='bbox 130 3249 278 3311; x_wconf 86' lang='lat' dir='ltr'>Materiae</span> <span class='ocrx_word' id='word_1_213' title='bbox 292 3249 409 3326; x_wconf 87' lang='lat' dir='ltr'>scripto</span> <span class='ocrx_word' id='word_1_214' title='bbox 430 3245 632 3308; x_wconf 85' lang='lat' dir='ltr'>conveniente</span> <span class='ocrx_word' id='word_1_215' title='bbox 647 3256 733 3302; x_wconf 89' lang='lat' dir='ltr'>suae.</span> 
     </span>
     <span class='ocr_line' id='line_1_35' title="bbox 93 3323 761 3422; baseline -0.021 -28"><span class='ocrx_word' id='word_1_216' title='bbox 93 3334 211 3410; x_wconf 83' lang='lat' dir='ltr'>Integer</span> <span class='ocrx_word' id='word_1_217' title='bbox 226 3334 369 3395; x_wconf 85' lang='lat' dir='ltr'>ollactus</span> <span class='ocrx_word' id='word_1_218' title='bbox 387 3333 468 3394; x_wconf 89' lang='lat' dir='ltr'>laeta</span> <span class='ocrx_word' id='word_1_219' title='bbox 483 3337 513 3392; x_wconf 91' lang='lat' dir='ltr'>et</span> <span class='ocrx_word' id='word_1_220' title='bbox 524 3325 670 3390; x_wconf 86' lang='lat' dir='ltr'>iuvenilia</span> <span class='ocrx_word' id='word_1_221' title='bbox 686 3323 761 3422; x_wconf 67' lang='lat' dir='ltr'>lusis</span> 
     </span>
     <span class='ocr_line' id='line_1_36' title="bbox 130 3409 798 3488; baseline -0.021 -10"><span class='ocrx_word' id='word_1_222' title='bbox 130 3418 187 3478; x_wconf 89' lang='lat' dir='ltr'>Illa</span> <span class='ocrx_word' id='word_1_223' title='bbox 200 3424 302 3478; x_wconf 85' lang='lat' dir='ltr'>lamen</span> <span class='ocrx_word' id='word_1_224' title='bbox 318 3431 399 3478; x_wconf 90' lang='lat' dir='ltr'>nune</span> <span class='ocrx_word' id='word_1_225' title='bbox 413 3431 463 3476; x_wconf 89' lang='lat' dir='ltr'>me</span> <span class='ocrx_word' id='word_1_226' title='bbox 474 3409 691 3488; x_wconf 89' lang='lat' dir='ltr'>composuisse</span> <span class='ocrx_word' id='word_1_227' title='bbox 705 3411 798 3484; x_wconf 81' lang='lat' dir='ltr'>piget.</span> 
     </span>
     <span class='ocr_line' id='line_1_37' title="bbox 92 3493 804 3578; baseline -0.018 -15"><span class='ocrx_word' id='word_1_228' title='bbox 92 3501 128 3563; x_wconf 90' lang='lat' dir='ltr'>Ul</span> <span class='ocrx_word' id='word_1_229' title='bbox 143 3493 261 3578; x_wconf 82' lang='lat' dir='ltr'>cecidi,</span> <span class='ocrx_word' id='word_1_230' title='bbox 277 3501 370 3562; x_wconf 90' lang='lat' dir='ltr'>subiti</span> <span class='ocrx_word' id='word_1_231' title='bbox 384 3515 500 3578; x_wconf 81' lang='lat' dir='ltr'>perego</span> <span class='ocrx_word' id='word_1_232' title='bbox 520 3493 686 3574; x_wconf 87' lang='lat' dir='ltr'>praeconia</span> <span class='ocrx_word' id='word_1_233' title='bbox 701 3503 804 3564; x_wconf 83' lang='lat' dir='ltr'>casus,</span> 
     </span>
    </p>
   </div>
   <div class='ocr_carea' id='block_1_6' title="bbox 0 0 1207 3940">
    <p class='ocr_par' dir='ltr' id='par_1_6' title="bbox 0 0 1207 3940">
     <span class='ocr_line' id='line_1_38' title="bbox 0 0 1207 3940; baseline 0 0"><span class='ocrx_word' id='word_1_234' title='bbox 0 0 1207 3940; x_wconf 95' lang='lat' dir='ltr'> </span> 
     </span>
    </p>
   </div>
  </div>
 </body>
</html>
