2450 3932
159 197 181 258 4
537 186 766 252 ralsulttll
881 233 903 258 ,

259 345 299 406 Et
311 359 433 421 poenae
447 351 481 404 tu
495 344 540 406 sis
555 344 651 404 ultera
665 355 776 416 eausa,
792 355 880 400 cave.

156 439 207 494 105
218 430 292 492 (lum
308 436 407 491 tumen
422 429 454 490 in
468 435 607 489 nostrum
622 424 716 484 fueris
731 424 888 499 penetrale
901 432 1057 502 receptus,

260 513 494 589 contigerisque
507 518 605 585 tuam,
621 507 735 569 scrinia
749 523 859 582 curva,
875 509 1015 571 domum:

216 596 360 674 Aspicies
375 596 436 656 illic
450 597 570 671 positos
585 609 625 656 ex
640 592 748 654 ordine
762 592 880 665 iratres,

258 681 341 756 Quos
357 680 493 741 studium
508 685 636 742 cunctos
652 675 808 752 evigilavit
819 676 911 737 idem.

218 765 326 827 cetera
336 764 426 826 turba
439 767 541 842 palam
555 764 660 826 titulos
676 761 817 823 ostendet
830 767 964 838 apertos,

155 858 209 913 111
260 847 300 910 Et
312 864 371 911 sua
385 850 506 912 detecta
515 847 640 909 nomina
654 847 753 907 fronte
767 853 862 921 geret.

216 935 292 994 Tres
307 935 414 1012 procul
431 934 565 995 obscura
577 930 730 992 latitantes
745 936 832 1005 parte
845 929 977 1006 videbis,

262 1017 295 1079 Si
310 1033 444 1094 quoque.
481 1017 565 1093 quod
578 1033 669 1078 nemo
685 1015 798 1088 nescit,
813 1030 917 1075 amare
931 1015 1054 1077 docent.

216 1101 283 1164 Hos
296 1108 329 1162 tu
339 1103 390 1161 vel
404 1102 520 1178 fugias,
537 1103 601 1178 vel,
616 1101 643 1163 si
659 1100 734 1163 satis
750 1099 812 1161 oris
827 1098 965 1174 habebis,

262 1183 441 1263 Oedipodas
457 1187 548 1249 lecito
563 1185 799 1262 Telegonosque
814 1199 920 1246 voces.

157 1279 208 1335 115
218 1269 327 1344 Deque
339 1269 452 1345 tribus,
466 1285 596 1344 moneo,
612 1271 639 1332 si
655 1285 717 1345 qua
730 1276 779 1331 est
792 1267 847 1330 tibi
862 1284 937 1331 cura
949 1271 1101 1345 parentis,

259 1353 304 1413 Ne
319 1369 519 1431 quemquam,
537 1353 679 1430 quamvis
694 1354 763 1429 lpse
778 1352 914 1428 docebit,
931 1369 1026 1414 ames.

188 1415 193 1447 '
220 1435 297 1499 Sunt
311 1455 438 1514 quoque
452 1444 586 1500 mutatae
601 1447 647 1500 ter
661 1437 797 1516 quinque
811 1437 966 1499 volumina
981 1439 1112 1513 formae,

260 1520 364 1598 Nuper
378 1523 417 1582 ab
433 1523 572 1601 exequiis
588 1523 723 1584 carmina
736 1527 825 1599 rapta
836 1523 923 1583 meis.
1208 1579 1209 1584 ,

215 1604 272 1666 His
286 1606 399 1668 maudo
415 1607 519 1683 dicas,
534 1609 612 1668 inter
626 1613 742 1668 mutata
755 1607 862 1667 referri

160 1699 209 1754 tle
261 1688 414 1752 Fortunae
428 1693 546 1754 vultum
560 1707 692 1770 corpora
706 1706 803 1769 posse
818 1706 915 1751 meac.

217 1774 357 1850 Namque
376 1791 414 1837 ea
427 1776 586 1839 dissimilis
602 1777 703 1840 subito
719 1780 768 1838 est
780 1773 891 1835 effecta
904 1774 1007 1852 priori,

260 1858 442 1938 Flendaque
455 1877 551 1938 nunc,
567 1865 671 1939 aliquo
686 1868 824 1938 tempore
838 1860 919 1920 laeta
934 1859 999 1920 luit.

217 1942 309 2023 Plura
325 1945 449 2018 quidem
463 1946 610 2006 mandare
623 1943 694 2022 tibi,
710 1945 738 2007 si
753 1943 893 2021 quaeris,
908 1943 1071 2006 habebam.

264 2025 328 2086 Sed
342 2042 453 2088 vereor
467 2029 574 2088 tardae
589 2044 685 2092 eausa
699 2030 798 2090 luisse
811 2043 928 2089 morae.

156 2109 257 2175 11111
272 2108 299 2169 si
314 2125 395 2186 quae
409 2110 556 2188 subeunt,
571 2121 688 2189 tecum,
703 2114 797 2189 liber,
813 2112 916 2172 omnia
929 2113 1036 2188 ferres,

263 2191 391 2254 Sarcina
404 2197 503 2257 laturo
519 2213 631 2273 magna
644 2201 763 2260 futurus
779 2212 859 2257 eras.

215 2278 324 2351 Longa
337 2278 389 2338 via
402 2287 465 2356 est,
480 2291 630 2357 propera!
655 2282 745 2344 nobis
760 2279 945 2344 habitabitur
960 2280 1044 2342 orbis

261 2359 407 2440 Ultimus,
423 2381 442 2424 1
455 2370 537 2425 terra
551 2372 632 2427 terra
646 2372 763 2428 remota
777 2380 855 2425 mea.

156 2507 197 2603 2·
217 2503 263 2602 Di
277 2542 371 2603 maris
386 2549 416 2603 et
430 2543 552 2618 caeli,...
570 2542 645 2616 quid
658 2541 739 2600 enim
753 2541 813 2602 nisi
826 2540 902 2601 uota
915 2546 1142 2618 supersuutl...

262 2623 393 2687 Solvere
408 2631 576 2698 quassatae
590 2625 707 2699 parcite
721 2623 858 2685 membra
871 2625 956 2699 ralis,

216 2710 314 2782 Neve,
329 2723 454 2782 precor,
470 2708 571 2784 magni
587 2706 770 2770 subscribite
786 2709 926 2770 caesaris
941 2709 1021 2768 irae!

261 2790 364 2867 Saepe
377 2797 535 2867 premente
550 2794 609 2855 deo
624 2795 683 2855 lert
697 2795 774 2854 deus
790 2795 866 2854 alter
880 2808 981 2869 opem.
1032 2810 1036 2814 ·

189 2886 205 2936 5
219 2875 369 2936 Mulciber
383 2875 414 2934 in
428 2876 564 2951 Troiam,
580 2893 637 2953 pro
652 2879 744 2939 11111
758 2876 858 2938 stabat
869 2878 1000 2955 Apolloa

258 2961 371 3035 Aequa
384 2961 493 3024 Venus
507 2962 646 3038 Teucris,
661 2961 761 3023 Pallas
777 2962 882 3037 iniqua
895 2962 961 3024 luit

220 3041 335 3104 Oderat
347 3045 475 3106 Aenean
490 3047 618 3123 propior
633 3045 775 3106 Saturnia
787 3048 899 3107 Turno.

260 3128 315 3187 Ille
328 3136 430 3189 tamen
444 3131 576 3191 Veneris
590 3131 714 3191 nurnine
728 3138 809 3191 tutus
826 3137 899 3190 erat.

219 3210 320 3287 Saepe
335 3214 424 3272 ferox
440 3222 560 3274 cautum
574 3216 660 3290 petiit
672 3216 831 3290 Neptunus
846 3213 967 3289 Ulixen,

170 3306 206 3359 10
259 3296 379 3373 Eripuit
393 3304 502 3370 patruo
518 3314 613 3373 saepe
627 3299 766 3359 Minerva
779 3315 848 3360 suo.

217 3381 255 3440 Et
269 3382 358 3442 nobis
375 3381 516 3456 aliquod,
534 3384 675 3457 quamvis
693 3383 843 3444 distamus
859 3381 983 3456 abillis,

261 3467 334 3540 Quis
349 3473 432 3528 vetat
445 3465 521 3528 irato
538 3482 648 3527 numen
664 3468 776 3532 adesse
788 3467 869 3528 dect

562 3643 571 3657 '
687 3659 703 3692 ι
