2372 3928
263 325 266 332 Δ
332 238 389 312 ιν,
413 237 450 317 a,
470 239 569 316 u-r,
590 236 642 302 20.

42 436 71 448 μ
115 395 233 468 indigus
249 389 377 452 effectus
393 392 533 452 omuibus
549 392 617 468 ipse
632 393 738 468 magis.

46 496 71 548 aa
81 478 126 540 lile
139 477 311 552 iugurthino
326 477 427 536 eiurns
443 477 624 552 Cimbroque
639 477 798 554 triumphe,

118 561 176 635 Quo
193 559 298 620 uictrix
315 559 427 620 tutieus
443 561 571 620 eousuie
587 561 682 620 iterna
699 561 759 636 init,

82 647 110 705 ln
124 660 213 704 eaeno
230 643 313 702 tatuit
329 643 447 704 Maurius
457 659 617 720 cannaque
634 645 770 718 palustri,

115 729 230 788 Pertulit
245 735 274 786 et
290 734 373 787 tante
388 730 480 788 muita
497 727 640 804 pudenda
660 727 736 787 viru.

83 813 159 872 Ludit
171 812 198 870 in
216 810 356 871 immanis
371 811 474 872 divina
490 811 624 888 petentia
638 810 740 884 rebus,

49 913 74 962 au
116 897 148 955 Et
162 903 272 956 eertum
289 909 437 969 praesens
455 896 503 955 rix
520 895 611 955 babet
625 894 700 954 bora
715 895 816 961 fidem.

84 981 164 1040 ‘bitus
179 980 215 1038 ad
232 979 394 1038 Euxinmu’
410 979 436 1038 si
452 981 520 1056 urnis
536 979 605 1038 mibi
621 979 736 1039 diceret
750 979 829 1052 ibis,

114 1064 148 1123 Et
161 1071 290 1135 metues,
306 1078 378 1122 areu
395 1079 433 1122 ne
449 1063 555 1123 feriare
571 1063 686 1135 Getae?

85 1149 115 1220 ¹1,
130 1147 205 1206 bibe'
221 1147 368 1206 dixissem
384 1150 562 1222 ‘purgantes
582 1154 706 1222 pectora
721 1162 824 1223 sucas,

117 1231 257 1305 Quicquid
274 1237 304 1290 et
320 1233 348 1289 in
365 1237 426 1290 totu
443 1232 574 1292 nascitur
587 1231 756 1308 Anticyra?

50 1314 142 1375 ttSnur
157 1325 253 1376 taurea
270 1314 346 1374 buee
364 1332 486 1390 passus.
516 1330 587 1388 uec,
602 1315 628 1372 si
646 1313 782 1374 mortalia
795 1328 929 1389 possem,

112 1399 145 1458 Et
158 1398 264 1459 summi
282 1404 417 1472 poteram
433 1401 492 1460 teta
506 1413 615 1460 cauere
630 1398 689 1458 dei.
858 1473 862 1478 ι

81 1483 115 1542 Tu
129 1499 246 1558 quoque
261 1483 309 1541 iae
325 1481 447 1557 timeas,
464 1491 493 1544 et
508 1497 587 1558 qrrue
603 1481 653 1540 tibi
670 1482 749 1541 taeta
762 1481 910 1554 videntur,

114 1567 183 1627 Dum
202 1564 356 1641 renueris,
372 1565 438 1628 fieri
454 1568 550 1628 tristia
566 1580 660 1642 pesse
675 1573 756 1642 nuta.

393 1713 588 1722 -—---—›

46 1751 74 1842 i·
112 1784 249 1846 suxro
278 1784 496 1846 uouuure.

86 1865 163 1966 Natta
177 1906 244 1967 dies
260 1905 339 1966 udee
354 1912 403 1966 est
415 1904 597 1965 australibus
612 1904 870 1978 humidanimb1s‚

113 1989 171 2049 Nun
186 1989 368 2050 intermissis
383 1997 416 2048 nt
431 1987 505 2048 lluat
520 1988 616 2049 imber
629 1990 730 2065 aquis.

81 2071 129 2132 Nee
145 2075 256 2135 sterilis
272 2075 358 2134 teeus
375 2075 454 2133 ultus
470 2073 510 2133 ita
525 2082 587 2147 est,
603 2083 710 2135 utnon
727 2074 808 2135 sitin
823 2073 874 2133 iliu

112 2157 197 2218 Mixta
214 2161 277 2218 tere
293 2157 377 2217 duris
392 2155 472 2216 utitis
488 2156 582 2217 herba
596 2157 689 2218 rubis.

63 2238 118 2297 tuit
132 2243 206 2302 adeo
222 2243 344 2303 fortuna
359 2241 462 2316 gravis
478 2241 651 2301 miserabile
666 2243 744 2317 iecit,
757 2267 772 2276 ·

113 2325 147 2386 Ut
163 2327 299 2386 minuant
314 2325 395 2385 unua
410 2325 523 2400 gaudia
540 2334 624 2400 parte
640 2327 759 2385 mnium.

81 2405 146 2468 liene
160 2410 253 2470 donne
270 2410 428 2485 patriaque
443 2423 550 2469 emens
566 2410 726 2484 acutisque
739 2422 883 2483 meorum,

113 2492 277 2569 Naufragus
293 2493 322 2552 iu
340 2493 434 2554 Getici
452 2493 547 2552 litoris
562 2502 649 2553 uetus
664 2508 772 2566 aquas,

81 2574 133 2648 Qua
147 2586 244 2637 tamen
262 2577 363 2636 inueni
380 2578 493 2637 ruitum
509 2575 787 2636 diffundereeuusa

16 2715 17 2720 ,
51 2659 71 2708 ¹0
110 2659 245 2736 Possem,
262 2663 401 2722 fortunae
417 2677 473 2721 nee
489 2661 665 2720 meminisse
679 2675 775 2719 meae.

80 2741 140 2804 iiam
155 2746 225 2806 mibi
242 2761 311 2806 euru
328 2746 411 2805 intua
425 2745 519 2806 tristis
534 2746 683 2820 spatiarer
697 2759 798 2817 arena,

16 2861 18 2888 ι
112 2829 181 2889 Visa
196 2837 244 2890 est
258 2847 277 2890 a
292 2837 377 2904 tergo
394 2828 486 2904 pinna
500 2829 626 2888 dedisse
641 2845 761 2888 senum.

79 2909 218 2987 Respieiu.
257 2927 314 2973 nee
329 2928 443 2988 eorpus
458 2921 537 2986 erat,
553 2913 635 2987 arrad
651 2927 775 2972 eernere
790 2926 915 2987 possem

111 2996 208 3057 Verba
221 3006 321 3058 tumen
337 3004 408 3056 sunt
423 2997 498 3056 baeu
513 3013 586 3056 aure
601 3003 723 3071 recepta
738 3011 820 3054 mea=

16 3075 18 3152 i
47 3077 122 3138 tt‘En
137 3097 192 3156 ego
209 3084 354 3142 tuetnrum
370 3081 461 3140 venio
475 3079 527 3140 tibi
544 3082 645 3139 nuntia
661 3095 760 3139 rerum

16 3157 18 3240 i
108 3163 210 3240 Fama,
228 3171 283 3240 ner
297 3165 453 3225 inmensas
468 3168 539 3224 abre
555 3165 642 3239 tunsa
663 3162 738 3222 rius.

17 3245 22 3328 i
78 3244 195 3310 censure
209 3249 372 3324 Pompeio,
389 3263 450 3322 quo
466 3265 526 3308 uun
544 3247 595 3306 tibi
611 3247 711 3306 eariur
724 3245 808 3318 aiter,

16 3343 21 3410 t
109 3331 259 3394 Candidus
274 3341 304 3393 et
320 3333 391 3390 felix
409 3332 565 3406 proximus
581 3347 679 3390 annus
695 3331 773 3390 erit’

18 3410 21 3498 i
75 3413 160 3485 Dixit,
176 3425 205 3476 et
219 3426 252 3478 ut
267 3417 347 3476 taeta
361 3414 488 3475 Pontum
502 3431 624 3474 rumore
642 3412 776 3490 replerit,

19 3491 25 3512 ¹·
43 3497 66 3551 u
108 3499 154 3560 uu
170 3510 276 3576 geues
292 3500 369 3561 anas
385 3481 454 3559 uine
469 3499 527 3561 aea
541 3500 630 3560 veru
644 3498 707 3558 ruer.
731 3576 785 3640 w

19 3697 24 3779 ἰ

20 3784 25 3849 i

21 3854 30 3901 t
