2492 3926
177 231 239 293 266
547 227 801 290 PASTORUM

260 382 339 456 Ergo
356 389 388 442 ut
400 381 528 441 manem
544 380 700 440 celebrare
716 379 886 456 frequentia
901 387 1019 455 posset,

298 465 377 525 Visa
392 463 459 524 dics
474 463 596 524 dandae
610 479 671 524 nan
687 464 787 525 aliena
803 470 904 538 togae.

258 548 331 609 Mite
346 555 446 624 caput,
462 553 557 623 pater,
573 547 632 607 huc
647 547 830 622 placataque
845 561 960 608 cornua
974 554 1102 620 vertas,

190 641 241 698 tac
295 632 333 692 Et
347 633 404 692 dcs
418 631 540 708 ingenio
555 631 626 691 vela
641 630 779 691 secunda
792 638 878 691 meo!

90 712 94 724 '
258 715 320 776 itur
333 716 374 776 ad
387 717 539 790 Argeos...
557 714 607 789 qui
623 715 697 789 sint,
713 730 770 776 sua
785 715 898 790 pagina
910 715 1024 783 dicet..

299 799 379 874 Hac,
401 800 427 858 si
446 797 646 869 commemini,
670 800 897 874 praeteritaque
911 798 970 857 die.

260 882 354 942 Stella
366 882 553 958 Lycaoniam
569 882 666 957 vergit
679 883 827 958 proclivis
842 880 882 941 ad
897 882 1012 940 Arcton

300 966 422 1026 Miluus.
451 965 528 1026 haec
541 967 593 1025 illa
606 973 698 1027 nocte
713 964 847 1024 videnda
864 964 957 1024 venit.

191 1058 242 1116 ⁷95
259 1048 337 1123 Quid
351 1049 470 1110 dederit
483 1049 617 1125 volucri,
632 1050 659 1109 si
674 1049 723 1110 vis
738 1062 943 1124 cognoscere,
961 1048 1109 1110 caelum:

303 1131 452 1194 Saturnus
466 1135 570 1208 regnis
586 1149 604 1192 a
618 1134 692 1192 lcvc
706 1134 815 1208 pulsus
831 1138 909 1192 erat=

261 1215 397 1276 concitat
410 1216 505 1277 iratus
519 1216 641 1277 validos
654 1216 776 1276 Titanas
792 1216 830 1274 in.
841 1229 931 1286 anna,

300 1300 446 1374 Quaeque
461 1299 516 1359 iuit
531 1299 600 1360 latis
615 1299 726 1373 debita,
745 1303 873 1374 temptat
886 1313 985 1374 opem.

258 1383 355 1442 Matre
370 1389 456 1443 satus
469 1383 571 1456 Terra,
587 1389 755 1443 rncnstrum
771 1381 917 1452 mirabile,
932 1388 1038 1444 taurus

191 1476 243 1528 800
297 1464 386 1527 Parte
399 1467 448 1526 sui
463 1481 592 1542 serpens
608 1465 779 1543 posteriore
794 1465 859 1525 luit.

259 1551 347 1612 Hunc
361 1551 471 1627 triplici
485 1565 571 1611 muro
591 1550 669 1611 lucis
684 1549 849 1610 incluserat
863 1549 935 1608 atris

300 1633 462 1696 Parcarum
477 1634 591 1695 monitu
608 1634 687 1711 Styx
700 1633 836 1694 violenta
849 1632 949 1692 trium.

259 1719 388 1779 Viscera
403 1718 456 1794 qui
470 1717 547 1779 tauri
562 1716 693 1778 ilammis
707 1716 860 1777 adolenda
875 1715 1022 1789 dedisset,

300 1800 376 1862 Sors
392 1810 471 1876 erat,
493 1809 633 1862 aeternas
647 1801 772 1860 vincere
787 1801 985 1876 possedeas.

146 1915 150 1924 ·
191 1894 242 1947 aaa
258 1885 396 1946 immolat
410 1885 491 1946 hunc
505 1884 648 1946 Briareus
663 1885 743 1945 lacta
758 1900 797 1944 ex
813 1883 974 1944 adamante
990 1885 1113 1957 securi,

299 1969 337 2028 Et
351 1969 471 2030 iamiam
487 1968 617 2029 ilamntis
631 1974 704 2029 exta
718 1968 845 2029 daturus
861 1975 934 2028 erat.

260 2052 396 2128 luppiter
410 2052 531 2113 alitibus
544 2068 654 2128 repere
669 2052 806 2128 imperat.
835 2052 942 2112 Attulit
955 2052 994 2110 illi

301 2135 430 2209 Miluus,
446 2143 476 2195 et
490 2136 604 2196 meritis
619 2136 748 2196 venitin
763 2145 846 2196 astra
860 2135 936 2196 suis.

205 2266 327 2328 laad
368 2267 418 2329 19.
446 2268 656 2343 navia-N
695 2260 746 2332 20ss
771 2269 825 2329 GC
863 2269 914 2330 21.
936 2267 991 2328 Hc
1030 2267 1089 2330 22.
1117 2271 1181 2330 AN

259 2384 327 2444 Una
342 2384 409 2445 dies
424 2385 526 2446 media
540 2395 601 2458 est,
624 2393 655 2446 et
668 2387 743 2446 liunt
756 2401 845 2446 sacra
859 2385 1023 2456 Minervae,

190 2476 243 2530 810
292 2468 420 2529 Numina
441 2483 519 2544 quae
534 2469 643 2530 iunctis
659 2469 795 2544 quinque
809 2469 918 2530 diebus
933 2467 1057 2528 habent.

260 2550 415 2628 Sanguine
437 2553 534 2628 prima
548 2560 647 2628 vacat,
669 2569 726 2613 nec
741 2553 789 2613 ias
805 2565 986 2614 concurrere
1002 2551 1106 2612 ierrc.

300 2635 413 2710 Causa,
437 2636 521 2710 quod
536 2642 583 2696 cst
596 2636 647 2697 illa
661 2643 732 2698 nata
745 2636 883 2698 Minerva
897 2636 956 2696 dic.

259 2719 364 2778 Altera
377 2727 502 2792 tresque
516 2734 610 2793 super
622 2735 696 2780 rasa
709 2720 901 2782 celebrantur
920 2719 1045 2778 harena.

300 2800 433 2861 Ensibus
448 2802 579 2862 exsertis
593 2802 703 2863 bellica
717 2805 797 2864 lacta
812 2804 872 2864 dea
886 2809 942 2863 est.

191 2891 243 2946 815
258 2884 381 2944 Pallada
395 2901 476 2945 nunc
490 2886 577 2960 pueri
591 2892 777 2962 teneraeque
793 2894 879 2948 crate
895 2885 1025 2963 puellae.

300 2968 355 3041 Qui
370 2967 449 3028 bene
464 2969 592 3044 placarit
604 2969 739 3045 Pallada,
762 2970 871 3032 dactus
888 2969 952 3030 erit.

299 3136 425 3197 Discant
438 3142 468 3196 et
481 3137 589 3213 plenas
604 3152 773 3198 exonerare
789 3138 886 3199 colos.

258 3219 313 3280 illa
328 3219 417 3280 ctiam
432 3219 540 3281 stantis
554 3221 641 3281 radio
658 3236 837 3296 percurrere
850 3219 928 3283 telas

195 3309 247 3364 aaa
300 3301 414 3376 Erudit,
437 3311 467 3364 et
480 3319 581 3364 rarum
596 3303 716 3378 pectine
731 3304 842 3366 denset
856 3319 945 3381 apris.

259 3386 345 3448 lianc
361 3390 441 3461 cole,
458 3387 510 3463 qui
524 3387 617 3448 laesis
632 3389 768 3449 maculas
784 3389 824 3449 de
840 3387 980 3449 vestibus
994 3386 1126 3450 aulersz
1228 3405 1229 3414 ¹

300 3471 386 3531 Hanc
401 3471 476 3543 cole,
498 3469 664 3531 velleribus
680 3469 821 3549 quisquis
837 3474 915 3534 aena
929 3485 1034 3548 paras.

258 3051 382 3111 Pallade
396 3053 516 3127 placata
530 3054 629 3114 lanam
645 3053 762 3115 mollire
777 3054 899 3130 puellae
