2394 3940
208 270 269 335 146
597 269 657 330 EX
677 267 824 330 PONTO

287 425 387 497 Turpe
403 422 490 496 sequi
507 437 626 496 cusum,
643 423 783 482 fortunae
799 419 910 480 cedere
926 421 1060 496 amicum,

327 507 365 566 Et
380 507 438 567 nisi
454 507 494 567 sit
509 506 597 578 felix,
615 521 685 565 esse
701 520 927 579 negaresuunr.

239 605 273 656 25
288 591 354 650 Non
370 591 411 650 itu
426 589 566 649 vixerunt
581 589 724 664 Strophio
740 594 830 662 atque
844 591 1070 662 Agamemnone
1085 590 1152 662 nuti,

328 674 394 733 Non
410 673 486 733 haec
499 673 638 748 Aegidae
651 672 837 745 Pirithoique
851 671 944 732 fides:
1055 731 1058 736 l

289 758 371 831 Quos
387 757 472 832 prior
487 763 533 817 est
547 756 668 831 miratu,
684 770 818 831 sequens
834 755 989 815 mirabitur
1003 762 1094 827 netas,

327 841 361 901 lu
376 856 507 917 quorum
522 843 649 916 plausus
664 847 727 904 totu
742 839 858 900 theatra
873 840 993 901 son‘ant.

286 927 332 986 Tu
347 929 472 1000 quoque
486 940 542 1000 per
557 925 667 986 durum
682 930 804 984 servato
820 929 940 998 tempus
957 921 1055 982 amico

162 1006 166 1011 ’
236 1018 270 1072 30
325 1009 443 1082 Dignus
459 1023 493 1068 es
507 1008 538 1067 in
552 1008 643 1068 tuntis
659 1023 768 1078 nomen
783 1005 897 1066 habere
914 1005 995 1066 viris.

285 1093 403 1167 Dignus
419 1106 463 1152 es.
493 1099 537 1166 et,
553 1091 698 1167 quonium
712 1091 833 1151 leudem
848 1090 963 1165 pietate
978 1091 1114 1164 mereris,

326 1176 393 1236 Non
404 1175 465 1236 erit
480 1176 573 1236 olllcii
588 1175 686 1250 gratia
700 1174 794 1235 surde
808 1174 860 1234 tui.

286 1259 383 1320 Crede
397 1257 485 1334 mihi,
501 1266 639 1322 nostrum
655 1259 756 1320 sinon
773 1259 899 1319 mortale
914 1258 1045 1318 lutuunn
1059 1267 1106 1316 est

324 1343 467 1417 Carmen,
482 1343 512 1402 in
528 1359 581 1403 cre
595 1343 739 1418 frequens
754 1341 941 1418 posteritatis
956 1342 1026 1401 eris.

235 1433 268 1486 35
283 1425 345 1486 Fac
360 1426 452 1487 modo
468 1441 648 1504 permoneas
664 1426 765 1498 lasso,
784 1425 946 1499 Graecine,
961 1425 1071 1496 fidelis,

324 1510 421 1570 Duret
434 1516 464 1570 et
477 1511 508 1570 in
523 1511 632 1585 longas
647 1510 779 1587 impetus
795 1511 852 1570 iste
872 1524 984 1568 moras.

284 1593 366 1668 Quae
382 1601 496 1653 lucum
512 1601 667 1670 praestes,
689 1611 773 1654 remo
788 1601 889 1654 tomen
904 1599 973 1653 utor
987 1591 1019 1650 in
1034 1607 1118 1668 eure,

325 1676 387 1736 Nec
402 1684 493 1738 nocet
507 1677 644 1740 admisso
660 1677 792 1739 subdere
808 1679 910 1738 calcar
924 1691 1016 1750 equo.

607 1822 810 1832 ..Ψ-.-

231 1860 271 1956 i.
320 1895 498 1956 nrrrco

282 1975 368 2075 Esse
382 2017 545 2076 salutatum
561 2016 624 2077 vult
637 2023 666 2076 te
681 2031 750 2075 mea
763 2016 862 2075 littero
877 2017 1005 2091 primum

322 2106 351 2156 A
366 2101 444 2157 mule
459 2099 592 2173 pacatis,
607 2100 722 2173 Attice,
739 2099 833 2159 misso
848 2099 941 2160 Getis.

279 2179 421 2240 Proxima
436 2181 647 2255 subsequitur,
667 2182 741 2258 quid
756 2197 845 2257 agas,
869 2183 974 2243 audire
990 2185 1141 2260 voluptas,

320 2263 411 2337 Etsi,
429 2265 574 2344 quicquid
590 2265 670 2341 agis,
687 2265 727 2325 sit
739 2250 792 2325 libi
807 2281 880 2327 cure
894 2267 962 2327 mei.
1005 2315 1011 2321 .

251 2357 266 2408 5
280 2347 344 2407 Nec
359 2348 463 2409 dubito
480 2350 552 2425 quin
567 2349 614 2410 sit.
645 2349 702 2410 sed
717 2366 765 2409 me
780 2350 869 2410 timor
883 2351 951 2426 ipse
965 2351 1118 2412 mulorum

321 2432 422 2509 Saepe
436 2448 647 2510 supervacuos
663 2433 745 2508 cogit
758 2433 872 2493 habere
887 2441 993 2495 metus.

278 2517 324 2578 Du
337 2519 474 2594 veniam,
491 2534 623 2594 quaeso,
638 2517 793 2592 nimioque
807 2518 933 2592 ignosce
947 2517 1058 2580 timori.

319 2603 509 2677 Tranquillus
525 2602 615 2662 etium
631 2602 796 2676 naufragus
809 2601 913 2662 horret
928 2617 1036 2676 aquas.

279 2685 333 2758 Qui
349 2687 443 2744 semel
459 2691 505 2744 est
517 2686 623 2748 laesus
639 2685 739 2746 lallnci
756 2685 849 2761 piscis
865 2685 1019 2758 albano,

232 2785 263 2835 ιο
315 2764 460 2826 Omnibus
476 2783 555 2827 unca
571 2769 648 2828 cibis
664 2785 735 2828 uera
750 2769 880 2830 subesse
895 2776 989 2846 putat.

278 2849 378 2924 Saepe
393 2864 500 2910 cenem
513 2850 604 2926 longe
621 2851 719 2914 visum
734 2853 810 2929 sugit
823 2869 917 2928 agne,
933 2855 1109 2930 lupumque

319 2933 432 3007 Credit,
445 2941 479 3008 ,et
493 2934 562 3010 ipso
575 2951 663 2996 suam
679 2937 783 2997 nescia
796 2937 870 2998 vitat
884 2953 985 3012 opem.

275 3016 410 3077 Membra
424 3018 621 3080 reformident
635 3021 756 3082 mollem
771 3037 894 3098 quoque
909 3021 1017 3083 saucia
1034 3029 1158 3084 tactum:

316 3101 466 3178 Vanaque
481 3104 618 3164 sollicitis
633 3105 737 3166 incutit
750 3105 858 3166 umbra
872 3112 993 3166 metum.

228 3199 258 3250 lo
274 3183 325 3245 Sic
340 3200 397 3259 ego
414 3187 551 3247 lortunue
566 3189 634 3249 telis
654 3190 794 3250 confixus
809 3188 922 3264 linquis

313 3268 439 3330 Pectore
455 3271 595 3346 concipio
612 3273 654 3331 nil
669 3272 727 3333 nisi
742 3273 826 3334 triste
841 3289 920 3334 mco.

272 3353 335 3413 luni
350 3352 421 3413 mihi
436 3355 497 3414 leta
509 3354 603 3430 liquet
618 3364 745 3432 coeptos
761 3356 914 3417 servantia
928 3373 1043 3418 cursus

313 3436 371 3496 Per
385 3437 443 3497 sibi
458 3445 622 3499 consuetas
638 3457 759 3517 semper
773 3441 851 3502 ituro
866 3441 946 3500 vics:

275 3520 448 3583 Observare
464 3521 556 3596 deoS,
573 3539 612 3583 ne
629 3525 702 3600 quid
717 3525 789 3584 nihi
805 3525 894 3584 cedat
910 3521 1024 3584 enricee
