2492 3926
127 209 189 274 ³82
508 205 762 266 FASTORUM

147 371 196 425 595
212 363 310 436 Regia
324 377 375 420 res
391 360 493 420 scelus
508 367 572 420 eett
603 374 712 420 socero
728 373 806 433 cape
820 371 915 432 regna
930 364 1054 428 necato,

251 445 290 506 iit
303 451 426 504 nostras
442 445 541 520 patrio
557 443 706 518 sanguiue
720 441 825 515 tingue
840 457 948 500 manus
958 443 979 497 ε’

209 529 332 590 Talibus
347 529 507 590 instinctus
523 528 601 589 solio
617 527 753 602 privatus
768 525 798 584 in
814 526 874 585 alto

253 613 392 673 Sederat.
424 612 582 672 attonitum
593 612 704 685 volgus
719 609 760 668 ad
775 625 861 669 arma
874 609 948 670 ruit:

210 695 288 756 Hinc
303 711 409 770 cruor,
424 696 495 756 hinc
511 695 640 768 caedes,
656 695 838 770 infirmaque
851 692 983 753 vincitur
998 699 1107 752 aetas:
1175 763 1181 772 ι

145 785 197 838 600
254 779 385 856 Sceptra
399 796 493 856 gener
507 794 617 839 socero
632 785 720 853 rapta
735 777 894 853 Superbus
909 777 1015 838 habet

208 865 281 940 lpse
295 865 353 926 sub
368 863 531 939 Esquiliis,
545 863 598 924 ubi
613 871 678 922 erat
693 879 749 922 sua
763 863 862 938 regia,
878 878 988 925 caesus

252 948 392 1010 Concidit
405 948 435 1008 in
450 949 528 1009 dura
542 947 793 1022 sanguinulentus
809 947 912 1006 humo.

208 1033 284 1094 Filia
298 1039 444 1108 carpento
460 1032 577 1108 patrios
595 1031 703 1092 initura
719 1038 856 1107 penates,

250 1119 318 1178 lbat
333 1133 389 1192 per
402 1118 520 1177 medias
536 1117 596 1176 alta
611 1117 760 1191 leroxque
776 1115 852 1174 vias.

143 1196 194 1252 ⁶⁰⁵
209 1200 328 1277 Corpus
344 1208 377 1261 ut
389 1201 524 1276 aspexit,
541 1199 673 1260 lacrimis
688 1201 795 1274 auriga
809 1199 945 1273 profusis

250 1285 380 1344 Restitit.
410 1284 490 1344 hunc
506 1284 559 1344 tali
578 1284 704 1359 corripit
719 1284 771 1343 illa
785 1297 881 1342 sono:

209 1369 337 1443 ‘Vadis,
353 1385 391 1427 an
408 1375 555 1444 expectas
572 1368 701 1443 pretium
715 1366 837 1444 pietatis
852 1374 1010 1426 amarum?

250 1451 333 1526 Duc,
350 1451 491 1528 inquam,
506 1453 618 1513 invitas
633 1453 703 1528 ipsa
717 1467 773 1527 per
784 1467 839 1512 ora
853 1455 967 1511 rotast’

209 1536 298 1596 Certa
313 1537 393 1598 tides
409 1537 489 1598 iacti.
519 1538 619 1598 dictus
636 1536 811 1596 Sceleratus
827 1535 865 1594 ab
883 1534 935 1594 illa

145 1627 197 1679 610
253 1620 367 1694 Vicus,
383 1627 414 1682 et
427 1628 552 1681 aeterna
565 1637 616 1681 res
632 1636 669 1680 ea
684 1636 795 1696 pressa
809 1626 891 1679 nota.

207 1704 283 1766 Post
294 1712 395 1766 tamen
406 1705 466 1766 hoc
479 1722 554 1766 ausa
566 1713 614 1766 est
625 1705 779 1780 templum,
799 1704 983 1764 monimenta
995 1706 1152 1782 parentis,

249 1790 396 1864 Tangere.
425 1789 502 1849 mira
517 1789 656 1866 quidem,
672 1789 729 1848 sed
744 1796 845 1848 tamen
862 1795 931 1848 acta
944 1787 1065 1861 loquer.

209 1871 335 1947 Signum
350 1875 459 1934 eratin
474 1874 553 1935 solio
568 1873 708 1934 residens
725 1873 781 1933 snb
797 1873 928 1948 imagine
942 1872 1038 1932 Tulli:

250 1957 366 2019 Dicitur
380 1959 440 2019 hoc
457 1960 555 2020 oeulis
571 1957 760 2034 opposuisse
773 1973 905 2017 manum.

143 2041 193 2094 615
208 2041 246 2100 Et
261 2057 324 2101 vox
339 2043 443 2103 audita
457 2051 504 2104 est
517 2043 640 2103 ‘Voltus
655 2040 836 2104 abscondite
850 2047 983 2115 nostros,

249 2125 293 2184 Ne
308 2133 397 2185 natae
416 2126 540 2186 videant
554 2143 607 2188 ora
622 2125 755 2186 nefanda
768 2140 856 2185 meae
864 2129 884 2184 t'

207 2208 303 2267 Veste
318 2209 390 2268 data
404 2209 522 2284 tegitur.
551 2216 633 2269 vetat
646 2210 726 2270 hanc
739 2210 873 2270 Fortuna
886 2208 1012 2282 moveri,

247 2291 285 2351 Et
300 2293 345 2352 sie
360 2309 377 2352 e
393 2295 505 2369 templo
521 2301 568 2354 est
582 2294 652 2370 ipsa
668 2295 772 2354 locuta
790 2309 864 2354 suna

207 2374 281 2436 ‘Ore
294 2379 429 2439 revelato
447 2394 507 2452 qua
522 2379 652 2460 primum
667 2380 734 2438 luce
749 2377 865 2453 patebit

142 2469 194 2525 620
253 2460 396 2537 Servius,
412 2462 490 2522 haee
505 2462 597 2538 positi
613 2463 711 2538 prima
726 2462 855 2538 pudoris
870 2462 948 2520 erit!

207 2541 339 2621 Parcite,
353 2552 524 2618 matronae,
545 2548 655 2607 vetitas
671 2547 818 2620 attingere
832 2552 952 2606 vestes:

249 2626 395 2689 Sollemni
415 2629 490 2690 satis
505 2637 553 2690 est
566 2647 645 2692 voce
660 2645 783 2691 movere
798 2646 923 2706 preces:

206 2711 312 2786 Sitque
327 2718 418 2788 caput
433 2729 555 2788 semper
569 2717 707 2776 Romano
725 2721 822 2774 tectus
837 2714 957 2788 amictu

248 2795 304 2868 Qui
320 2811 375 2855 rex
390 2795 419 2856 in
435 2803 541 2857 nostra
556 2799 703 2874 septimus
718 2797 800 2858 Urbe
815 2799 878 2860 luit.

141 2895 192 2950 626
206 2881 334 2941 Arserat
347 2879 407 2942 hoc
420 2883 575 2957 templum.
605 2884 693 2958 signo
709 2890 809 2942 tamen
825 2883 875 2942 ille
889 2882 1029 2958 pepercit

248 2965 340 3040 Ignis.
372 2982 465 3042 opem
481 2975 552 3028 nato
567 2966 716 3028 Mulciber
729 2967 798 3042 ipse
812 2968 888 3028 tulit.

205 3050 343 3124 Namque
363 3058 451 3126 pater
463 3052 540 3112 Tulli
554 3052 726 3123 Volcanus,
745 3049 871 3112 Ocresia
884 3057 980 3110 mater

246 3132 419 3210 Praesignis
435 3136 513 3196 lacie
528 3135 729 3198 Corniculana
740 3133 804 3194 luit.

204 3217 290 3280 Hanc
306 3233 410 3279 secum
425 3220 699 3296 Tanaquil,sacris
718 3219 858 3280 demere
873 3217 1014 3296 peractis,

141 3309 193 3363 630
249 3302 343 3362 Iussit
356 3302 386 3361 in
402 3310 540 3363 ornatum
556 3304 685 3364 fundere
699 3304 771 3363 vina
785 3303 898 3364 iocum.

203 3383 260 3442 Hir
275 3385 353 3443 inter
368 3385 486 3446 eineres
503 3387 629 3446 obsceni
644 3388 741 3447 torma
756 3387 852 3447 virilis

247 3467 307 3525 Aut
322 3468 391 3543 luit,
407 3476 460 3529 aut
473 3469 543 3530 visa
557 3479 614 3530 ast.
644 3473 700 3531 sed
716 3470 771 3531 luit
784 3471 837 3532 illa
851 3470 958 3548 magis.
