2372 3928
363 209 407 284 11,
428 205 605 271 ool-loo.

66 364 181 440 ecqud
195 362 226 422 in
242 360 345 424 cilicio
360 367 446 422 torus
462 367 510 421 est
528 364 674 424 socialis?
693 372 723 426 et
737 368 846 441 ecquid

19 458 55 514 llll
101 446 288 522 Coniugibus
303 445 417 504 uostris
432 453 535 506 mutua
550 463 623 508 cura
638 453 782 510 sumust’

68 533 198 608 Quisque
217 546 305 591 suam
321 529 435 591 laudat.
464 531 573 591 studiis
589 533 754 594 certamina
769 543 919 608 crescunt,

101 617 139 677 lla
154 616 274 676 lervent
288 614 381 675 multo
396 613 561 690 linguaque
577 631 692 690 corque
707 633 802 678 mero.

69 701 165 776 Surgit
182 699 230 759 cui
246 698 375 759 dederat
388 698 502 758 clamm
517 697 645 759 Collatia
662 717 788 762 nomene

105 785 183 845 ‘Non
200 799 279 860 opus
296 788 345 842 est
357 781 476 857 verbis,
498 783 611 842 credite
626 783 753 846 rebust’
778 789 828 847 ait.

21 880 56 934 lit
69 870 142 930 ‘Nox
158 873 310 943 superest.
340 867 480 926 tollamur
498 867 596 942 equis,
617 867 792 954 Urbemque
807 875 983 946 petamust’

104 953 193 1013 Dicta
206 951 345 1026 placent,
368 951 462 1010 irenis
478 950 673 1026 inpediuntur
687 955 768 1030 equi.
853 982 856 987 ·

70 1036 251 1097 pertulerant
266 1035 419 1094 dominos.¹
449 1035 564 1110 regalia
579 1036 717 1110 protinus
735 1038 778 1097 illi

99 1122 190 1180 Tecta
206 1126 320 1195 petunt.
351 1125 457 1180 custos
472 1119 502 1178 in
519 1119 584 1180 lore
599 1122 699 1181 nullus
714 1129 788 1182 crat.

70 1206 142 1264 licce
157 1219 266 1264 nurum
279 1203 362 1278 regis
377 1203 455 1264 lusis
472 1219 527 1278 per
543 1205 622 1264 colla
638 1206 760 1266 coronis

21 1299 58 1356 tlt
103 1287 263 1348 inveniunt
279 1287 380 1364 posito
398 1287 581 1364 pervigilare
595 1304 690 1349 mero.

70 1374 137 1434 inde
153 1373 212 1433 cito
229 1389 326 1448 passu
342 1373 452 1448 petitur
466 1373 612 1434 Lucretia.
641 1375 741 1446 nebat,

104 1459 183 1517 Ante
197 1464 297 1518 torum
313 1456 423 1517 calathi
439 1457 570 1533 lanaque
586 1459 686 1517 mollis
703 1465 778 1518 erat.

71 1543 178 1603 Lumen
194 1542 235 1602 ad
249 1540 393 1618 exiguum
408 1542 538 1602 famulae
553 1542 624 1602 data
639 1557 738 1616 pensa
752 1541 926 1603 trahebant=

106 1629 185 1687 later
202 1642 280 1702 quas
300 1626 382 1687 tenui
397 1626 442 1688 sic
457 1625 498 1687 ait
511 1626 580 1703 ipsa
595 1642 687 1687 sono:

23 1718 60 1772 lla
72 1711 222 1772 ‘Mitteada
233 1718 281 1772 est
291 1711 447 1772 domino...
458 1726 550 1788 nunc,
558 1726 639 1772 nunc
651 1716 823 1786 properate,
835 1709 996 1784 puellaet..t

110 1795 336 1873 Quamprimum
350 1802 456 1856 nostra
470 1796 549 1856 lacta
565 1796 688 1856 lacerna
702 1810 802 1856 manu.

75 1881 145 1954 Quid
158 1888 259 1941 tamen
275 1880 408 1941 auditist
429 1896 499 1942 nam
515 1880 602 1956 plura
616 1879 723 1940 audire
738 1877 882 1956 potestis·

109 1965 256 2040 Quantum
270 1965 404 2026 debello
420 1964 530 2026 dicitur
546 1979 617 2026 esse
632 1971 747 2040 superi

73 2048 232 2110 Postmodo
248 2050 329 2109 victa
344 2048 448 2109 cades.
478 2049 669 2125 melioribus,
691 2047 810 2121 Ardea,
831 2054 941 2111 restas.

24 2139 61 2192 750
108 2132 254 2208 inproba,
278 2149 358 2208 quae
373 2139 497 2194 nostros
512 2133 598 2210 cogis
613 2133 725 2196 abesse
739 2132 841 2193 viros!

74 2217 135 2276 Sint
147 2223 262 2278 tantum
275 2217 431 2278 reducest.
446 2217 508 2280 Sed
523 2219 603 2278 enim
617 2217 797 2279 temerarius
812 2217 862 2277 ille

109 2301 163 2361 Est
176 2317 277 2375 meae,
300 2309 330 2361 et
348 2301 453 2363 stricto
469 2302 607 2378 quolibet
620 2318 695 2363 ense
710 2302 778 2363 ruit.

73 2383 155 2446 Mens
169 2385 245 2460 ubit,
267 2392 297 2445 et
310 2387 433 2459 morior,
457 2387 597 2462 quotiens
613 2385 774 2462 pugnantis
790 2386 890 2459 imago

108 2469 158 2529 Me
172 2469 268 2540 subit,
290 2477 320 2530 et
332 2470 466 2545 gelidum
482 2478 606 2546 pectora
621 2470 715 2545 lrigas
730 2468 844 2529 habet?

23 2559 60 2615 755
72 2553 185 2614 Desinit
198 2553 228 2614 in
244 2553 400 2624 lacrimas,
421 2555 596 2630 intentaque
610 2554 661 2614 iila
677 2551 805 2622 remittit,

106 2638 140 2696 ln
157 2638 269 2713 gremio
286 2639 400 2699 voltum
416 2638 621 2714 deposuitque
639 2653 737 2699 suum.

72 2721 134 2781 Hoc
149 2721 248 2796 ipsum
264 2721 375 2782 decuit.
407 2723 549 2784 lacrimae
563 2724 695 2785 decuere
709 2719 850 2797 pudicae,

107 2805 147 2865 Et
162 2806 254 2866 iacies
269 2806 371 2867 animo
386 2806 540 2882 dignaque
556 2821 672 2884 parque
687 2806 752 2866 luit.

71 2888 165 2950 ‘Pone
179 2898 304 2966 metum,
325 2891 452 2951 veniot’
477 2891 610 2953 coniunx
625 2891 675 2952 ait.
704 2890 759 2949 llla
773 2887 894 2963 revixit,

16 2976 56 3033 liu
108 2973 212 3048 Deque
228 2974 284 3034 viri
301 2975 381 3035 collo
396 2975 485 3036 dulce
502 2974 647 3051 pependit
662 2988 750 3034 onus.

70 3056 187 3118 interea
201 3060 321 3120 iuvenis
337 3059 464 3120 furiatos
476 3060 580 3135 regius
595 3057 674 3132 ignis

108 3139 257 3220 Concipit,
281 3150 311 3203 et
326 3159 419 3204 caeco
434 3151 539 3219 raptus
555 3158 658 3203 amore
674 3141 753 3201 lurit.

68 3223 177 3286 Forma
191 3229 313 3302 placet,
329 3228 499 3302 niveusque
515 3228 615 3300 color,
628 3225 765 3300 flavique
784 3222 895 3298 capilli,

109 3309 226 3386 Quique
240 3313 347 3374 aderat
360 3312 443 3371 nulla
457 3312 556 3372 lactus
570 3310 608 3370 ab
624 3316 688 3370 arte
702 3309 811 3369 decor:

13 3397 53 3453 lta
66 3392 171 3452 verta
186 3396 306 3470 placent
320 3404 351 3458 et
362 3411 439 3470 vox,
463 3402 493 3456 et
514 3395 598 3472 quod
618 3407 811 3468 corrumpere
826 3405 887 3450 non
903 3399 966 3449 estc

105 3477 232 3555 Quoque
251 3482 350 3541 minor
364 3495 439 3556 spes
455 3487 517 3554 est,
538 3480 597 3540 hoc
613 3478 710 3552 magis
726 3475 775 3536 ille
791 3474 883 3549 cupit.

2 3613 3 3654 ,
66 3577 151 3621 omo.
172 3562 219 3622 lll.
756 3563 790 3620 16
