2372 3928
187 254 243 316 190
581 247 639 307 EX
659 244 807 315 ΡΟΝΤΟ

263 403 331 464 Hoe
346 401 433 475 iacit,
448 406 481 460 ut
496 398 608 459 misero
624 397 746 457 faveant
761 397 927 473 adsintque
940 397 1072 460 Tomitae

307 485 391 546 Haeo
407 483 551 560 qnoniam
570 481 659 541 telius
673 479 866 541 testificanda
881 480 954 541 mihi
970 491 1026 543 est.

265 571 311 630 illi
326 583 389 642 me,
405 567 478 643 quia
491 566 571 625 veile
587 565 704 642 vident,
722 564 884 625 discedere
897 565 1026 626 maioni:

204 664 255 718 100
313 652 467 726 Respecto
482 649 607 724 eupiunt
621 647 670 708 hie
684 654 784 708 tamen
800 664 872 710 esse
887 649 945 711 sui.

265 737 329 798 Neo
344 735 414 795 mihi
431 732 609 794 credideris.
639 737 742 791 extant
756 732 894 806 decreta,
910 731 1021 808 quibus
1036 749 1089 794 nos

306 819 468 879 Laudaret
483 817 622 876 inmunes
638 815 759 890 publiea
774 830 844 875 cero
861 815 942 876 iacit.

267 902 458 964 Conveniens
473 900 593 960 miseris
608 905 638 958 et
653 913 838 974 quamquam
851 897 949 973 gloria
963 914 1025 960 non
1039 900 1082 970 sit,

306 984 448 1046 Proxima
463 984 536 1044 dant
550 982 639 1043 nobis
656 981 772 1056 oppido
786 999 898 1050 munus
913 982 1005 1042 idem.

202 1082 249 1134 105
264 1070 327 1130 Neo
342 1069 438 1145 pietas
453 1069 556 1143 ignota
571 1081 638 1125 meo
652 1071 708 1125 est.
736 1064 821 1125 videt
834 1065 957 1141 hospita
971 1073 1050 1126 terra

308 1153 341 1211 ln
356 1160 461 1212 nostra
475 1166 596 1210 snorum
612 1148 751 1210 Caesaris
770 1165 842 1208 esse
857 1150 960 1210 domo.

267 1234 354 1297 Stant
368 1236 479 1309 pariter
493 1242 643 1308 natusque
660 1233 728 1307 pius
749 1233 945 1308 coniunxque
959 1232 1110 1305 sacerdos,

308 1318 437 1378 Numina
451 1318 510 1378 iarn
524 1319 604 1377 ioeto
619 1332 679 1376 non
695 1316 812 1376 leviora
826 1317 895 1376 deo.

265 1401 331 1461 Neu
350 1401 431 1462 desit
444 1417 516 1476 pars
532 1401 593 1460 ulia
609 1391 735 1474 donnus,
753 1407 813 1460 stat
827 1407 957 1476 uterque
972 1405 1119 1492 nepotum,

202 1499 253 1550 110
309 1484 367 1546 Hie
382 1486 469 1545 aviae
485 1483 570 1544 lateri
585 1484 759 1560 proximus,
774 1483 825 1545 ille
842 1485 947 1559 patris.

266 1567 321 1629 His
336 1583 394 1644 ego
411 1569 450 1629 do
465 1567 578 1629 totiens
593 1583 661 1628 oum
676 1574 743 1627 ture
763 1568 1037 1644 presentiarum,

307 1651 373 1712 Eoo
389 1651 530 1726 quotiens
546 1650 642 1726 surgit
656 1651 695 1710 ab
710 1651 784 1711 orbe
800 1651 877 1712 dles.

266 1736 372 1795 Tota...
386 1736 455 1796 lieet
471 1750 631 1810 quaeras...
646 1733 705 1794 hoe
719 1749 768 1794 me
783 1751 845 1795 non
860 1735 978 1810 fingere
993 1735 1072 1796 dicet

310 1818 509 1882 Oisreiitestis
523 1818 649 1880 Pontica
663 1819 825 1878 terranei.
1106 1825 1107 1830 ’

205 1916 255 1969 115
268 1901 392 1963 Pontica
406 1919 455 1964 me
470 1903 574 1975 tetius,
590 1901 710 1978 quantis
726 1900 784 1962 hoe
797 1917 963 1978 possumus
980 1919 1043 1979 oro,

309 1987 443 2047 Nataiern
459 1987 541 2047 iudis
557 1985 615 2046 seit
629 1984 783 2046 celebrare
799 1986 859 2047 dei.

267 2069 330 2129 Nee
345 2070 443 2130 minus
458 2069 631 2144 hospitibus
646 2070 744 2146 pietas
762 2077 809 2138 est
824 2071 945 2146 cognita
959 2071 1037 2146 tuiis,

309 2151 391 2212 Misit
406 2154 437 2212 in
452 2153 509 2212 has
525 2153 633 2228 siquos
648 2154 738 2228 longa
752 2152 914 2230 Propontis
928 2171 1037 2230 aquas.

267 2235 297 2295 Is
313 2251 452 2311 quoque,
470 2251 531 2310 quo
547 2237 652 2296 laevus
668 2238 765 2298 iuerat
779 2236 835 2297 sub
852 2239 996 2313 praeside
1012 2237 1129 2308 Pontus,

207 2326 258 2380 120
313 2319 452 2380 Audierit
466 2322 559 2380 irater
573 2319 699 2380 forsitan
715 2321 774 2380 ista
788 2328 869 2381 tuus.

266 2399 399 2464 Fortuna
413 2410 461 2465 est
475 2404 573 2480 impar
586 2403 703 2479 animo,
724 2405 836 2481 talique
852 2405 981 2467 libenter

307 2486 442 2558 Exiguos
459 2503 552 2563 carpo
567 2503 692 2548 munere
706 2504 824 2565 pauper
839 2506 927 2564 opes.

266 2569 328 2630 Nee
341 2573 452 2633 vestris
463 2571 576 2631 *ramus
591 2572 668 2631 haee
683 2574 795 2647 oeulis,
812 2575 919 2648 procul
933 2572 1016 2634 Urbe
1029 2570 1143 2632 remotio

277 2665 282 2674 '
309 2653 446 2716 Contenti
461 2656 551 2715 tacita
571 2656 627 2714 sed
642 2656 753 2730 pietate
768 2673 883 2718 sumus.

204 2744 253 2797 125
264 2735 302 2796 Et
320 2745 420 2797 tamen
435 2737 512 2797 haee
526 2744 649 2812 tongent
662 2739 827 2815 aliquando
844 2740 983 2802 Caesaris
998 2755 1099 2802 nutes.

307 2819 352 2880 Nil
368 2822 466 2893 iilum,
487 2829 550 2882 toto
568 2822 651 2897 quod
667 2821 699 2882 iit
713 2823 742 2882 in
758 2822 847 2898 orbe,
864 2826 945 2886 latet.

265 2903 310 2962 Tu
325 2911 406 2964 certe
421 2905 484 2966 seis
499 2905 573 2978 hoo,
591 2906 712 2980 superis
728 2907 838 2981 ascite,
859 2908 1022 2984 videsque,

308 2985 435 3061 Caesar,
451 2996 484 3049 ut
498 2997 545 3050 est
559 2990 658 3049 oeulis
672 2989 794 3050 subdito
808 2997 889 3052 terra
902 2991 972 3054 tuis.

263 3070 308 3130 Tu
324 3080 445 3134 nostras
460 3072 549 3134 audis
564 3072 640 3132 inter
656 3087 795 3136 convexa
810 3075 929 3137 locatus

205 3161 253 3214 130
309 3151 432 3230 Sidera,
449 3158 579 3218 sollicito
596 3173 673 3232 quas
691 3156 799 3218 danius
817 3174 884 3233 ore,
902 3174 1021 3234 preces.

263 3235 445 3301 Perveniant
461 3240 540 3301 istuc
560 3246 590 3300 et
606 3240 740 3300 earmina
755 3242 882 3302 forsitan
900 3243 959 3318 iiia,

308 3322 390 3397 Quae
411 3325 450 3385 de
465 3331 494 3384 te
511 3325 578 3385 misi
593 3325 700 3385 caelite
717 3327 797 3386 iacta
811 3343 903 3388 novo.

264 3406 408 3481 Auguror
423 3408 471 3468 his
485 3408 574 3482 igitur
592 3409 673 3468 iloeii
689 3416 739 3469 tua
755 3408 887 3470 numina.
917 3423 974 3470 nee
989 3413 1024 3472 iu

306 3492 447 3553 inmerito
464 3507 573 3552 nomen
590 3493 661 3552 mite
678 3492 814 3568 parentis
832 3491 939 3554 habes.
1047 3515 1053 3525 ·
