2394 3940
155 281 202 346 90
553 277 780 339 rnlsrlbnl

246 437 291 495 An
306 439 456 510 peragunt
470 432 579 492 solitos
595 431 768 493 communia
782 437 921 505 tempora
934 435 1051 509 motus,

284 517 423 592 Suntque
438 517 535 591 magis
549 517 631 576 vitae
645 522 786 592 tempora
800 515 877 574 dura
894 520 1003 574 meae?

245 602 339 676 Quem
356 607 436 661 tenet
450 600 560 660 Euxini
577 600 711 660 mendax
726 601 909 674 cognomine
924 599 1005 674 litae,

284 687 323 746 Et
337 684 473 764 Scythici
488 701 563 745 vere
577 692 657 744 terra
672 684 795 744 sinistra
810 683 888 746 irati.
990 737 995 746 .

203 782 237 832 15
249 771 429 830 innumerae
443 769 525 830 circa
539 777 647 844 gentes
663 769 727 828 iera
741 767 821 826 bella
836 767 997 840 minantur,

285 853 369 929 Quae
385 853 520 914 sibinen
535 861 623 929 rapto
639 853 743 912 vivere
757 859 847 927 turpe
863 858 977 926 putam.

244 939 290 1004 Nil
305 948 391 1000 extra
406 946 502 998 tntum
517 945 573 1000 est
604 938 736 997 tumulus
751 936 925 996 defenditur
938 950 1031 1010 aegre

283 1022 445 1084 Moenibus
461 1022 579 1098 exiguis
595 1022 780 1097 ingenioque
794 1020 865 1080 loci.

245 1107 318 1167 Cum
332 1107 453 1166 minime
467 1108 586 1181 credas,
608 1113 641 1166 nt
655 1107 731 1180 avis,
752 1105 956 1165 densissimus
969 1102 1077 1165 hostis

200 1203 237 1254 20
287 1191 430 1264 Advolat,
453 1198 483 1250 et
497 1191 642 1266 praedam
657 1191 708 1250 vix
723 1189 802 1250 bene
816 1190 903 1250 visus
918 1188 988 1264 agit.

245 1275 347 1350 Saepe
361 1273 440 1334 intra
455 1291 559 1334 muros
575 1275 689 1336 clausis
704 1274 858 1334 venientia
872 1274 968 1350 portis

284 1357 343 1417 Per
356 1359 474 1420 medias
491 1360 620 1436 legimus
635 1359 728 1420 noxia
742 1361 804 1419 tela
819 1359 896 1419 vias.

242 1443 298 1504 Est
311 1442 401 1518 igitur
416 1460 513 1516 rarus,
538 1461 593 1505 rus
608 1445 660 1520 qui
676 1445 778 1506 colere
795 1443 914 1517 audeat,
939 1443 1031 1518 isque

283 1527 349 1587 Hac
363 1534 429 1588 arat
441 1527 556 1600 infelix,
578 1528 637 1588 hac
653 1536 734 1590 tenet
748 1545 831 1588 arma
846 1544 948 1588 manu.

202 1621 236 1673 aa
250 1610 314 1673 Sub
328 1611 418 1685 galea
436 1621 543 1688 pastor
558 1613 668 1674 iunctis
685 1613 754 1689 pice
767 1620 868 1673 cantat
883 1610 998 1686 avenis,

282 1695 405 1771 Proque
419 1698 492 1772 lupo
509 1696 639 1773 pavidae
652 1696 733 1758 bella
748 1707 890 1758 verentur
905 1713 991 1758 oves.

243 1781 304 1840 Vix
319 1796 379 1856 ope
395 1782 510 1841 castelli
526 1782 727 1842 defendimur.
756 1789 787 1842 el
801 1791 900 1843 tamen
915 1783 995 1842 intus
1021 1823 1023 1827 -

283 1865 379 1924 Mixto
394 1866 466 1926 lacit
481 1867 606 1926 Graecis
620 1865 750 1926 barbara
764 1867 853 1927 turba
868 1876 987 1929 metum.

244 1949 363 2024 Quippe
377 1950 468 2010 simul
481 1949 571 2011 nobis
587 1951 700 2010 habitat
715 1951 890 2010 discrimine
905 1951 986 2010 nullo

198 2039 236 2094 30
285 2032 449 2110 Barbarus,
471 2041 502 2094 et
515 2035 585 2093 tecti
601 2036 670 2109 plus
686 2051 810 2111 quoque
826 2043 912 2110 parte
927 2041 1019 2094 tenet

243 2114 327 2189 Quos
343 2123 375 2175 ut
389 2133 450 2176 non
466 2117 582 2191 timeas,
602 2119 706 2192 possis
722 2119 828 2180 odisse
844 2119 977 2180 videndo

284 2199 416 2260 Pellibus
431 2207 461 2260 et
475 2202 567 2276 longa
584 2212 709 2277 pectora
724 2210 803 2264 tectu
818 2220 915 2264 coma.

242 2283 307 2345 Hos
324 2300 455 2360 quoque,
480 2285 531 2359 qul
547 2287 639 2361 geniti
654 2288 744 2356 Graia
759 2288 924 2350 creduntur
938 2286 976 2346 ab
992 2287 1076 2364 urba

282 2368 340 2429 Pro
356 2369 455 2445 patrio
471 2371 552 2431 cultu
567 2370 690 2432 Persica
704 2372 816 2433 bracca
829 2373 911 2448 tegit.

197 2460 234 2514 35
244 2452 396 2514 Exercent
410 2455 452 2515 illi
467 2456 573 2516 sociae
588 2457 770 2518 commercia
784 2458 921 2533 linguae:

282 2538 339 2600 Per
354 2547 473 2614 gestum
488 2557 538 2601 res
554 2549 603 2601 est
616 2541 818 2616 significanda
833 2541 915 2601 milri.

241 2623 397 2684 Barbarus
411 2624 463 2684 liic
479 2640 537 2698 ego
553 2641 631 2699 sum,
657 2626 804 2698 quianon
820 2625 979 2700 intellegor
993 2625 1056 2699 alli,

282 2706 320 2764 Et
333 2706 434 2766 rident
448 2707 552 2766 stolidi
566 2708 663 2769 verba
677 2709 783 2770 Latina
799 2710 903 2770 Getae.

207 2851 210 2861 ,
241 2789 353 2862 Meque
369 2791 470 2864 palam
486 2791 525 2850 de
540 2806 587 2851 me
602 2799 665 2852 tuto
681 2795 761 2853 mala
775 2811 871 2870 saepe
885 2797 1061 2870 loquuntur,

199 2880 235 2933 lo
285 2872 424 2934 Forsitan
442 2874 574 2936 obiciunt
589 2875 774 2953 exiliumque
788 2880 871 2938 mibi.

187 2955 342 3031 ——thuc
357 2959 400 3032 iit,
423 2960 452 3019 in
469 2977 517 3020 me
531 2961 655 3036 aliquid,
678 2963 793 3037 siquid
810 2962 981 3024 dicentibus
996 2961 1057 3022 illis

122 3105 126 3115 ¹
187 3077 229 3088 -
280 3041 446 3102 Abnucrim
464 3046 606 3120 quotiens
621 3047 852 3124 adnuerimque,
878 3054 992 3125 putant.

239 3125 339 3199 Adde,
362 3128 445 3202 quod
462 3129 605 3191 iniustum
620 3130 717 3205 rigido
734 3133 781 3192 ius
798 3133 907 3194 dicitur
922 3147 1006 3208 ense,

279 3208 395 3270 Dantur
407 3220 438 3272 et
452 3213 481 3272 in
497 3215 598 3276 rncdio
613 3217 741 3277 vulnera
755 3235 851 3294 saepe
865 3220 943 3278 loro.

197 3290 268 3358 450
285 3293 391 3354 duram
405 3296 566 3372 Lachesin,
593 3317 671 3374 quae
686 3308 746 3361 tam
760 3317 856 3377 grave
871 3302 959 3364 sidus
974 3299 1101 3362 habenti

282 3376 347 3438 Fila
362 3379 447 3440 dedit
461 3382 540 3442 vitae
555 3399 616 3444 non
632 3384 775 3446 breviora
790 3392 891 3446 meae!

241 3461 328 3536 Quod
345 3464 460 3540 patriae
470 3468 556 3528 vultu
570 3476 738 3546 vestroque
753 3487 902 3545 caremus,
927 3469 1026 3542 amici,

281 3548 385 3624 Atque
400 3548 449 3609 hic
464 3551 495 3608 in
510 3550 664 3627 Scythicis
681 3553 823 3628 gentibus
838 3569 911 3614 esse
926 3567 1051 3628 queror.

534 3791 590 3881 ’ἣ

528 3873 547 3912 a¹
572 3894 578 3917 Ἰ,
