2372 3928
179 237 237 302 lto
570 236 798 298 exeunte

211 403 246 454 20
301 392 419 465 Verba,
435 406 493 451 neo
510 390 613 451 officio
635 389 748 448 crimen
764 388 868 450 inesse
884 397 982 466 putee

202 509 245 522 -
259 477 296 536 Et
311 477 387 536 levis
402 475 479 534 haec
493 473 606 533 meritis
622 473 770 532 reseratur
785 472 882 548 gratia
896 475 995 535 tantis.

203 593 245 605 -
302 559 334 622 Si
349 560 464 632 minus,
479 557 574 619 invito
588 564 618 616 te
635 571 758 631 quoque
772 565 877 632 gratus
891 571 954 618 cro.

260 645 430 719 Numquam
445 642 533 718 pigra
548 641 603 700 luit
616 640 731 700 nostris
746 647 798 700 tua
811 641 910 716 gratie
922 638 1020 716 rebus,

302 729 365 788 Nee
379 727 451 786 milri
465 725 624 786 munifices
639 739 710 783 area
724 725 847 800 negavit
862 739 949 802 opes.

210 821 245 874 eo
259 812 344 873 Nune
360 826 484 887 quoque
498 809 540 868 nil
555 808 663 869 subitis
679 809 837 868 elementia
851 808 953 868 territa
969 809 1034 869 satis

301 897 458 957 Auxilium
473 894 553 954 vitae
568 894 687 966 fertque
702 893 839 967 feretque
854 907 950 954 meae.

223 1000 225 1003 ·
260 981 364 1053 Unde,
379 995 471 1055 roges
487 979 607 1050 forsan,
624 976 736 1036 fiducia
750 982 833 1038 tanta
847 976 936 1036 laturi

304 1063 349 1125 Sit
364 1064 456 1123 milri?
486 1062 570 1138 quod
584 1061 668 1134 lecit,
685 1061 817 1135 quisque
830 1067 932 1122 tuetur
946 1075 1033 1137 opus.

260 1151 299 1212 Ut
311 1150 419 1209 Venus
435 1146 560 1207 artificis
575 1144 663 1205 labor
682 1149 729 1204 est
744 1150 774 1204 et
787 1143 885 1219 gloria
900 1144 963 1218 coi,

209 1233 245 1287 30
300 1234 465 1307 Aequoreo
481 1229 621 1288 madidas
639 1243 718 1302 quae
736 1229 845 1304 premit
859 1228 955 1289 imbre
971 1241 1080 1288 comas:

259 1316 349 1376 Arois
363 1322 396 1374 ut
409 1316 544 1374 Actaeae
559 1313 608 1372 vel
623 1312 740 1372 eburna
752 1314 802 1372 vel
817 1327 914 1374 aenea
929 1319 1032 1374 custos

300 1399 415 1460 Bellica
429 1396 572 1457 Phidiaca
587 1403 648 1458 stat
663 1397 721 1456 dea
738 1396 818 1456 lacta
834 1413 941 1456 manu:

259 1483 404 1544 Vindicat
417 1489 449 1543 ut
463 1481 593 1543 Calamis
608 1480 747 1553 laudem,
765 1496 844 1556 quos
859 1481 945 1556 feeit,
961 1494 1113 1556 equorum:

300 1567 341 1627 Ut
355 1566 462 1628 similis
477 1580 570 1625 verae
586 1579 682 1624 vacca
696 1563 835 1640 Myronis
851 1580 947 1640 opus:

209 1659 243 1714 35
259 1650 309 1713 Sic
324 1665 381 1726 ogo
399 1667 470 1727 pars
485 1665 586 1710 rerum
601 1663 662 1707 non
677 1647 797 1723 ultima,
814 1646 923 1722 Sexte,
937 1655 1053 1709 tuarum

301 1734 487 1810 Tutelaeque
502 1733 584 1794 leror
598 1747 868 1808 munus-opusque
882 1739 962 1792 tuoe.

603 1869 680 1877 μω
687 1870 786 1877 ---·—=-·=

206 1920 247 2013 2.
301 1953 497 2014 suvuuo.

265 2035 359 2138 stood
374 2072 466 2146 legis,
484 2086 501 2130 o
517 2077 604 2130 votes
620 2084 797 2144 magnorum
813 2070 945 2128 maxime
959 2084 1070 2143 regum,

296 2155 388 2214 Venit
403 2154 441 2213 ub
457 2155 586 2214 intonsis
600 2168 716 2229 usque,
732 2150 862 2227 Severe,
879 2152 978 2212 Getis:

258 2239 349 2298 Cuius
364 2237 465 2297 adhue
479 2252 589 2299 nomen
605 2244 729 2300 nostros
744 2237 880 2297 tacuisse
894 2236 1022 2310 libellos,

303 2321 335 2383 Si
350 2322 443 2383 modo
461 2321 607 2397 permittis
624 2322 727 2382 dicere
739 2336 828 2396 vera,
846 2322 949 2397 pudet.
1027 2347 1033 2352 ·

229 2417 245 2467 5
262 2407 342 2468 Orba
359 2414 458 2467 tomen
474 2406 608 2466 numeris
624 2405 758 2466 cessavit
775 2405 907 2482 epistole
922 2421 1084 2481 numquam

300 2494 348 2551 lre
363 2506 418 2568 per
433 2491 565 2551 alternas
581 2490 722 2550 ollioiosa
736 2490 831 2550 vices.

261 2576 399 2637 Carmina
415 2577 483 2636 sola
496 2574 549 2634 tibi
564 2588 729 2634 memorem
743 2575 886 2637 testantia
900 2590 1003 2634 curam

299 2662 365 2721 Non
381 2661 452 2718 dato
468 2665 547 2718 sunt.
576 2658 649 2733 quid
664 2659 759 2735 enim,
776 2673 856 2734 quoe
871 2659 947 2720 lucis
967 2659 1050 2735 ipse,
1066 2658 1167 2718 darent

261 2743 333 2816 Quis
349 2744 405 2802 mel
423 2742 582 2822 Aristaeo,
600 2742 667 2816 quis
680 2740 804 2804 Baccho
821 2744 892 2804 vina
907 2743 1047 2818 Falerno,

215 2831 245 2886 to
299 2826 484 2902 Triptolemo
500 2827 602 2902 fruges
611 2865 619 2900 ,
635 2841 728 2901 poma
743 2828 795 2887 det
808 2828 965 2891 Aleinoot

259 2911 369 2971 Fertile
384 2915 493 2984 pectus
510 2911 622 2983 liedes,
639 2911 778 2987 interque
792 2912 942 2974 Helicona
956 2912 1092 2973 colentes

300 2993 431 3054 Uberius
447 2995 520 3055 nulli
536 2995 678 3071 prouenit
692 2994 751 3055 ista
766 3011 867 3072 seges.
950 3027 953 3029 ·

259 3079 376 3139 illittere
392 3094 511 3139 carmen
528 3080 567 3140 ad
582 3080 676 3152 hune,
692 3080 818 3140 frondes
834 3088 899 3142 erut
912 3079 1031 3141 addere
1046 3083 1134 3142 silvis,

298 3162 381 3222 Haec
396 3163 466 3223 milri
483 3165 643 3224 cunctandi
660 3180 767 3239 causa,
783 3162 915 3239 Severe,
932 3166 996 3226 init
1172 3159 1173 3192 ¹

209 3257 241 3310 15
256 3247 318 3307 Nec
332 3253 432 3306 tamen
448 3248 601 3323 ingenium
615 3247 705 3308 nobis
719 3250 902 3328 respondet,
919 3257 953 3310 nt
967 3255 1049 3327 ante,

299 3329 361 3392 Sed
377 3332 492 3392 siccum
510 3333 603 3392 sterili
622 3346 747 3394 vomere
762 3333 833 3395 litus
849 3351 914 3395 aro.

259 3415 380 3476 Seilioot
393 3423 426 3476 ut
443 3417 533 3477 limus
545 3431 642 3476 ‘venas
658 3424 803 3479 excaecet
817 3417 848 3479 in
862 3418 964 3491 undis,

296 3501 457 3574 laesaque
471 3499 641 3575 subpresso
657 3503 740 3562 tonte
757 3501 872 3566 resistit
885 3519 981 3578 aqua:
