2394 3940
368 279 371 286 ,
395 223 433 302 V,
458 220 487 300 7,
510 224 604 304 64,
627 225 677 289 12.
1005 224 1049 293 sl

147 382 228 444 Esse
242 379 316 442 nihil
332 385 396 441 toto
413 380 527 440 tristius
543 379 617 440 orbe
635 386 748 456 potesis

56 467 184 530 158111
199 465 350 537 homines,
374 463 427 524 vix
442 471 513 525 sunt
527 463 666 523 hominos
682 463 741 523 hoc
758 462 878 525 nominc
893 464 986 545 digni,

147 551 307 626 Quamque
322 549 394 625 lupi,
417 564 531 609 saevae
545 550 615 625 plus
632 547 757 608 feritatis
774 548 894 610 habent.

99 636 172 696 Non
188 642 324 696 metuunt
339 634 434 708 leges,
453 633 509 694 sed
526 633 607 693 cedit
622 632 736 693 viribus
752 649 893 709 aequum,

145 719 300 794 Victaque
314 717 448 794 pugnaci
463 718 528 778 iura
543 717 600 777 sub
617 732 692 776 ense
707 719 815 777 iacent.

100 803 238 863 Pellibus
254 809 284 862 et
297 802 378 862 laxis
393 810 498 862 arcent
512 803 592 862 111111
606 801 719 876 frigora
734 801 862 878 braccis,

58 899 94 951 50
151 885 273 964 Oraque
288 894 359 947 sunt
374 887 474 962 longis
490 886 614 946 horrida
628 893 708 944 11111
723 885 829 946 comis.

101 973 137 1030 ln
156 971 265 1047 paucis
281 980 441 1030 remanent
456 972 591 1031 Graecae
607 969 737 1044 vestigia
753 969 882 1045 linguae,

147 1055 232 1116 Haec
248 1071 373 1131 quoquc
388 1055 448 1114 iam
464 1055 568 1114 Getico
584 1053 716 1113 barbara
730 1053 810 1114 iacta
825 1069 913 1115 sono.

101 1141 191 1201 Unus
207 1140 236 1199 in
252 1139 313 1199 hoc
328 1155 387 1198 non
404 1147 452 1201 est
467 1140 592 1216 populo,
616 1138 668 1211 qui
683 1140 761 1197 lorte
774 1138 880 1200 Latine

147 1223 306 1297 Quaelibet
320 1239 338 1282 1
352 1224 453 1284 medio
469 1224 600 1284 reddere
615 1222 710 1281 verba
725 1228 826 1298 queat.

59 1308 160 1369 511111
175 1323 235 1383 ego
251 1309 409 1369 Romanus
426 1317 548 1369 vates...
566 1307 724 1382 ignoscite,
741 1306 883 1366 Musact..

147 1389 317 1452 Sarmatico
332 1407 429 1467 cogor
443 1393 574 1468 plurima
589 1407 673 1450 more
688 1391 781 1465 loqui.

100 1476 148 1536 En
163 1477 261 1552 pudet
275 1484 306 1536 et
323 1477 428 1551 iatcor,
451 1477 510 1536 iam
527 1475 731 1535 desuetudine
746 1475 837 1549 longa

144 1559 208 1619 Vix
223 1560 356 1621 subeunt
369 1561 429 1636 ipsi
446 1561 538 1620 verba
553 1560 660 1620 Latina
674 1558 757 1618 mihi.

102 1643 169 1703 Nec
184 1644 298 1721 dubito,
323 1644 396 1720 quin
411 1644 472 1705 sint
486 1652 516 1704 et
530 1645 559 1703 in
574 1645 635 1703 hoc
648 1659 710 1702 non
726 1658 824 1718 pauca
838 1639 941 1702 libello

58 1733 91 1786 50
143 1727 289 1788 Barbara.
323 1745 384 1788 uon
400 1728 531 1790 hominis
549 1730 648 1804 culpa,
671 1727 727 1786 sed
741 1727 800 1786 ista
815 1726 884 1786 loci.

98 1811 146 1870 Nc
160 1818 260 1871 tamen
275 1813 435 1874 Ausoniae
450 1812 577 1889 perdam
594 1809 777 1871 commercia
790 1809 921 1884 linguae,

141 1894 181 1955 Et
195 1896 248 1956 liat
262 1897 361 1972 patrio
377 1912 440 1957 vox
454 1913 522 1957 mea
538 1903 620 1957 muta
635 1910 723 1970 sono,

99 1980 176 2054 lpse
191 1981 303 2055 loquor
317 1997 436 2041 mecum
451 1982 641 2056 desuetaque
655 1978 751 2038 verba
765 1983 905 2053 retracto,

140 2063 180 2124 Et
194 2065 286 2125 studii
301 2073 408 2141 repeto
424 2066 512 2140 sigua
527 2066 651 2126 sinistra
666 2064 735 2122 mei.

59 2156 92 2211 65
104 2145 159 2208 Sic
173 2149 305 2208 animum
321 2157 506 2226 tempusque
520 2151 617 2223 11111ο,
639 2163 750 2222 meque
764 2145 832 2223 ipsc
846 2145 962 2206 reduco

142 2233 169 2292 Α
187 2237 392 2309 contemplatu
408 2235 615 2310 dimoveoque
629 2233 709 2291 mali.

100 2316 291 2378 Carminibus
309 2334 424 2394 quaero
439 2319 618 2380 miserarum
634 2316 875 2376 obliviarerum=

141 2399 279 2462 Praemia
293 2403 320 2464 si
335 2401 437 2462 studio
453 2419 627 2477 consequar
641 2401 714 2473 ista,
738 2404 786 2458 sat
800 2403 855 2456 est.

44 2532 85 2626 8·
99 2532 175 2629 Non
190 2569 268 2628 adeo
285 2567 392 2642 cecidi,
416 2566 556 2642 quamvis
571 2564 717 2637 abiectus,
740 2567 772 2621 ut
786 2561 863 2620 inira

141 2654 184 2712 Te
200 2667 323 2727 quoque
338 2652 405 2726 sim,
429 2650 554 2710 inferius
571 2665 631 2725 quo
648 2647 720 2710 nihil
736 2661 807 2706 esse
823 2651 933 2720 potest.

103 2737 188 2812 Quae
202 2736 254 2797 tibi
269 2753 320 2796 res
335 2736 455 2796 animos
470 2735 500 2793 in
516 2750 564 2793 me
579 2734 659 2804 lacit,
683 2731 842 2807 improbet
864 2743 959 2790 curre

144 2821 274 2882 Casibus
290 2822 428 2893 insultas,
453 2835 532 2894 quos
547 2824 636 2894 potes
651 2817 719 2891 ipse
734 2816 820 2891 patil

74 2905 167 2966 5Nec
180 2907 260 2965 mala
275 2915 305 2967 11
319 2905 454 2965 reddunt
468 2903 569 2963 mitem
585 2901 779 2977 placidumve
795 2897 905 2960 iacenti

142 2989 263 3064 Nostra,
284 2989 397 3066 quibus
413 2988 534 3064 possint
548 2985 738 3047 inlacrimare
754 2984 858 3042 lerael

100 3074 166 3134 Nec
179 3073 287 3134 metuis
303 3074 399 3135 dubio
414 3072 565 3132 Fortunae
580 3069 687 3131 stantis
703 3069 733 3128 in
753 3066 827 3128 orbe

140 3157 268 3234 Numen,
292 3164 322 3218 et
337 3172 455 3218 exosae
470 3155 564 3216 verba
579 3153 713 3230 superba
728 3154 826 3213 dener

98 3241 211 3316 Exiget
225 3250 258 3302 at
285 3242 395 3318 dignas
410 3242 500 3301 ultrix
516 3238 702 3300 Rhamnusia
719 3251 846 3313 poenus,

57 3333 92 3386 lu
144 3325 284 3401 inposito
302 3329 404 3388 calcas
421 3325 504 3401 quod
520 3340 588 3384 mea
602 3325 663 3383 1111
679 3322 769 3398 pede.

97 3405 173 3470 Vidi
187 3426 245 3485 ego
261 3411 452 3486 naufragium
468 3409 518 3484 qui
534 3408 617 3482 rasit,
639 3407 668 3466 in
684 3419 821 3480 aequore
835 3400 947 3475 mergi,¹

136 3489 177 3554 Et
191 3494 388 3572 ‘Numquam’
404 3492 468 3554 dixi
483 3491 604 3553 ‘iustior
617 3491 701 3551 unda
717 3489 792 3550 luit!
