2372 3928
163 212 228 278 250
537 209 791 273 FASTORUM

249 363 383 437 Indolui‚
404 363 597 440 patriamque
611 361 683 422 dodi
698 361 765 439 tibi,
788 361 931 438 Romule,
946 370 1087 424 mentem

289 448 399 510 ‘ffoile
414 449 557 524 praees,”
579 445 643 505 dixi
658 447 768 522 “quod
782 445 862 522 petis
878 461 962 506 arma
977 443 1122 508 dabunt”

249 533 341 594 Festa
354 537 442 610 parat
456 530 589 592 Conso...
605 529 725 590 consus
739 530 792 590 libi
808 538 909 591 cetera
924 529 1014 605 dicet,

181 625 233 679 ιιι)
285 616 341 677 lllo
356 617 439 676 iacta
453 614 503 675 die
519 614 591 675 dum
606 629 663 676 sun
677 628 766 674 saera
781 627 883 674 canes.

250 701 425 761 Intumuere
440 697 535 760 Cures
549 705 579 758 et
594 712 673 772 quos
688 697 778 758 dolor
792 697 887 774 alligit
901 696 991 758 idem.

290 783 365 845 Tum
380 783 512 860 primum
526 780 648 856 generis
663 780 760 842 intulit
774 797 859 842 arma
875 796 974 842 socer.

249 868 375 944 lamque
390 867 455 927 iere
469 871 576 942 raptae
589 871 718 926 malrum
733 880 857 940 qunque
871 880 981 926 nomen
996 863 1148 938 habebant,

291 950 462 1026 Tractaque
477 956 562 1009 erant
575 948 667 1024 longa
680 948 761 1008 bella
776 949 950 1024 propinqua
964 965 1061 1009 mora.

180 1041 231 1097 205
248 1035 440 1096 Conveniunt
455 1040 566 1109 nuptae
581 1032 691 1092 dictam
706 1031 830 1093 Iunonis
846 1034 877 1094 in
892 1030 1019 1094 aedem:

288 1118 370 1193 Quas
386 1118 464 1179 inter
478 1132 546 1176 mea
560 1117 606 1178 sie
622 1121 669 1177 est
682 1132 777 1177 nurus
793 1131 865 1178 orsa
879 1116 978 1192 ioqui:

250 1201 299 1264 “0
314 1201 429 1276 pariter
441 1207 584 1275 raptae„
602 1199 745 1274 quoniam
760 1199 820 1262 hoc
836 1215 995 1261 commune
1012 1207 1162 1268 tenemus...

290 1285 357 1344 Non
371 1285 451 1346 ultra
463 1285 544 1345 lente
558 1299 725 1362 possumus
740 1299 811 1345 esse
827 1286 906 1360 piae.

250 1368 336 1430 Stant
350 1369 443 1429 acies.
462 1368 532 1446 ,sed
546 1374 614 1430 utra
629 1366 659 1426 di
674 1368 735 1428 sinl
748 1384 804 1444 pro
825 1375 911 1444 parte
924 1367 1066 1442 rogandi,

181 1462 234 1515 alo
286 1451 405 1528 Eligite.
437 1452 509 1514 hinc
524 1451 667 1525 coniunx,
689 1452 760 1512 irinc
774 1460 862 1529 paler
875 1466 959 1512 arma
972 1456 1066 1511 tenet

250 1537 463 1612 Quaerendum
478 1542 539 1612 est,
557 1535 669 1596 viduae
683 1535 751 1596 fieri
765 1535 918 1610 malimus,
934 1549 973 1594 an
989 1534 1095 1596 orbae.

292 1619 458 1682 consilium
477 1619 567 1682 vobis
588 1620 666 1680 lorle
680 1619 825 1696 piumque
841 1619 955 1681 dabo.’'

249 1704 416 1768 consiliunt
431 1705 565 1766 dederat
597 1703 722 1780 Parent,
745 1705 908 1780 crinesque
934 1703 1103 1775 resolvunt,

286 1787 466 1866 Maestaque
484 1790 611 1854 lunerea
624 1803 756 1864 corpora
769 1795 857 1850 veste
871 1794 984 1864 tegunt

182 1881 233 1934 215
247 1872 311 1933 Iam
326 1878 471 1936 steterant
485 1871 568 1933 acies
584 1873 665 1933 ferro
680 1872 830 1948 mortique
846 1878 978 1947 paratae,

291 1958 353 2018 lam
368 1958 460 2018 lituus
480 1971 602 2032 pugnae
617 1956 706 2032 signa
720 1957 846 2018 daturus
863 1963 940 2016 erat:

250 2040 323 2101 Cum
336 2047 442 2116 raplae
458 2039 582 2100 veniunt
595 2041 673 2100 inter
686 2047 852 2116 patresque
866 2039 1023 2116 virosque,

187 2177 192 2188 .
287 2124 383 2198 Inque
398 2125 466 2184 sinu
480 2130 585 2198 natos,
606 2123 737 2200 pignora
751 2123 838 2200 cara,
853 2130 970 2186 tenent.

247 2206 288 2266 Ul
302 2206 435 2266 medium
450 2205 549 2281 campi
565 2205 673 2268 scissis
687 2209 813 2284 tetigere
828 2207 956 2284 capillis,

180 2299 232 2354 220
283 2289 316 2348 iu
332 2297 443 2350 terram
458 2289 561 2366 posito
577 2290 770 2366 procubuere
784 2307 880 2367 genus

208 2401 210 2408 ·
248 2373 285 2433 Et
300 2375 388 2449 quasi
404 2373 565 2451 sentirent,
585 2374 699 2436 blando
715 2377 848 2436 clamore
862 2381 990 2452 nepotes

287 2459 465 2522 Tendebam
483 2459 523 2520 ad
538 2475 615 2522 avos
629 2459 774 2520 branchia
789 2475 884 2536 parva
899 2474 984 2520 suos.

249 2540 302 2615 Qui
320 2551 452 2618 poterat,
469 2543 619 2604 clamabat
632 2558 740 2615 avum,
764 2551 835 2604 tuno
850 2543 982 2619 denique
995 2541 1110 2615 visum,
1181 2559 1182 2646 p

285 2623 323 2684 El
339 2627 390 2700 qui
403 2627 457 2686 vix
470 2633 605 2703 poterat,
626 2637 722 2703 posse
737 2633 863 2689 coactus
879 2635 953 2687 erat.
1178 2677 1179 2686 ,

179 2715 230 2772 225
245 2708 407 2769 Tela‘viris
422 2709 575 2786 animique
591 2711 712 2772 cadunt.
739 2711 914 2794 gladiisque
927 2710 1067 2791 remotis·

285 2791 365 2853 Dant
378 2793 479 2854 soceri
493 2791 616 2869 generis
632 2795 848 2872 accipiuntque
862 2809 981 2869 manus,
1054 2801 1058 2808 '
1077 2793 1090 2822 ἰ

244 2874 464 2952 Laudatasque
477 2883 581 2938 tenent
595 2885 695 2954 natas,
718 2885 868 2954 sculoque
883 2885 1030 2955 nepotem

286 2958 357 3020 Fert
370 2977 458 3022 avus.
487 2961 537 3024 hic
554 2963 633 3023 sculi
649 2962 768 3024 dulcior
781 2980 856 3024 usus
872 2970 945 3024 erat.
1052 3027 1055 3038 ,

245 3042 320 3103 Inde
335 3044 431 3121 diem,
452 3062 533 3122 quae
547 3047 658 3122 prima,
681 3063 766 3108 meas
783 3043 939 3107 celebrare'
952 3045 1119 3106 Kalendas

180 3133 232 3189 ιιι)
288 3125 431 3188 Oebaliae
450 3136 562 3190 matres
577 3145 638 3190 non
654 3131 723 3192 leve
737 3147 847 3192 munus
861 3129 985 3192 habent.

188 3240 231 3252 -
245 3211 307 3272 Aut
322 3211 409 3287 quia,
429 3213 573 3274 committi
588 3214 701 3277 strictis
720 3213 917 3276 mucronibus
932 3229 1042 3288 ausae,

189 3325 232 3339 —-
287 3294 443 3357 Finieranl
454 3296 587 3357 lacrimis
601 3297 709 3359 Martia
729 3299 810 3360 bella
824 3298 899 3374 suis,

247 3379 304 3441 Vel
320 3379 405 3454 quod
420 3385 485 3440 crat
500 3379 538 3440 de
553 3397 602 3441 me
616 3381 744 3444 lelleiler
757 3382 812 3442 ilia
825 3390 931 3456 mater,

282 3463 352 3536 Rite
368 3464 469 3524 colunt
483 3471 595 3526 matres
612 3482 700 3528 sacra
716 3468 859 3542 diemque
875 3481 988 3527 meum.
