2492 3926
422 279 466 352 v,
489 274 667 342 aar-aas.

165 426 330 488 Publieics.
362 427 480 488 animus
498 429 592 488 deluit
607 435 677 488 ante
691 427 775 487 viris.

122 511 199 570 Rem
218 512 352 586 populus
368 510 484 586 recipit.
516 514 640 572 multam
657 510 779 571 subiere
792 517 949 572 nocentes.

54 604 108 658 290
161 593 345 655 Vindicibus
362 595 445 654 laudi
461 596 583 671 publica
598 611 670 654 cura
685 595 748 679 luit.

124 677 219 738 Multa
235 678 306 737 data
321 685 369 738 est
391 693 429 738 ex
445 687 530 756 parte
545 679 632 752 mihi,
649 694 823 756 magnoque
837 678 944 738 favore

164 762 307 822 Victores
323 763 414 823 ludos
430 763 586 824 instituere
600 778 710 823 novos.

125 845 213 904 Parte
228 847 331 905 locant
345 846 471 918 clivum,
490 848 540 922 qui
556 855 627 906 tunc
643 853 707 906 erat
722 848 817 907 ardua
830 861 940 920 rupes:

122 923 124 928 ’
165 929 245 989 Utile
260 945 340 989 nunc
356 929 412 990 iter
427 939 487 1003 est,
511 930 742 1004 Publiciumque
758 934 890 990 vocant!

53 1022 107 1076 295
123 1013 236 1073 Annua
251 1013 442 1073 credideram
457 1015 634 1090 spectacula
650 1014 738 1074 iacta.
768 1011 899 1087 negavit,

161 1096 291 1156 Addidit
305 1104 335 1156 et
349 1097 438 1157 dictis
454 1098 548 1157 altera
562 1097 658 1156 verba
672 1098 752 1157 suis:

122 1179 197 1240 ‘Nos
214 1195 339 1255 quoque
355 1179 450 1255 tangit
464 1181 571 1242 honor.
601 1180 687 1241 lestis
703 1179 871 1255 gaudemus
887 1186 916 1240 et
930 1179 1003 1256 aris,

161 1262 324 1339 Turbaque
339 1265 488 1326 caelestes
503 1264 665 1326 ambitiosa
680 1280 797 1325 sumus.

122 1345 224 1421 Saepe
243 1347 318 1407 deos
335 1348 444 1422 aliquis
462 1349 619 1424 peccando
636 1348 707 1409 lecit
722 1349 854 1424 iniquos,

53 1442 107 1494 300
160 1430 198 1489 Et
211 1446 269 1504 pro
288 1431 405 1492 delictis
421 1431 523 1494 hostia
539 1433 650 1492 blanda
664 1433 727 1492 luit.

121 1513 224 1588 Saepe
239 1515 343 1574 lovem
360 1515 436 1588 vidi,
454 1532 522 1578 cum
537 1517 597 1576 iam
613 1531 671 1576 sua
685 1515 800 1575 mittere
815 1517 907 1575 vellet

159 1595 314 1672 Fulmina,
330 1605 396 1660 turc
411 1601 482 1659 dato
499 1600 684 1660 sustinuisse
701 1616 832 1659 manum.

119 1681 161 1740 At
176 1681 202 1740 si
218 1682 420 1756 neglegimur‚
442 1684 560 1758 magnis
577 1683 684 1742 iniuria
699 1683 807 1758 poenis

163 1763 314 1838 Solvitur,
336 1776 366 1827 et
381 1768 491 1826 iustum
506 1767 649 1841 praeterit
663 1765 708 1826 ira
722 1767 856 1826 modum.

52 1860 103 1913 305
119 1848 254 1923 Respice
267 1849 459 1910 Thestiaden.
489 1851 621 1911 flammis
637 1849 813 1909 absentibus
830 1848 918 1910 arsit.

164 1933 264 1992 Causa
279 1940 339 2006 est,
357 1934 440 2009 quod
455 1933 593 1996 Phoebes
609 1950 661 1994 ara
676 1935 742 1993 sine
757 1934 826 2009 igne
842 1934 906 1994 luit.

119 2016 255 2090 Respice
270 2017 457 2079 Tantaliden.
487 2019 594 2079 eadem
611 2018 669 2099 dea
686 2018 753 2076 vela
767 2017 898 2077 tenebat.

160 2100 257 2175 Virgo
274 2109 333 2175 est,
350 2109 380 2162 et
395 2111 516 2178 spretos
531 2103 579 2163 bis
596 2110 694 2161 tamen
711 2104 772 2160 ulla
788 2103 885 2160 locos.

118 2184 289 2262 Hippolyte
303 2185 422 2259 infelix,
441 2187 535 2247 velles
551 2187 685 2246 coluisse
699 2185 826 2260 Dionen,

52 2280 105 2334 010
163 2268 237 2328 Cum
252 2271 455 2331 consternatis
472 2270 647 2345 diripereris
664 2270 762 2344 equis.

120 2351 228 2426 Longa
242 2352 357 2414 referre
371 2369 457 2414 mora
472 2362 519 2415 est
534 2359 671 2414 correcta
686 2352 799 2412 oblivia
817 2353 945 2410 damnis.

164 2435 214 2494 Me
230 2452 354 2512 quoque
366 2437 496 2499 Romani
511 2437 694 2514 praeteriere
709 2442 822 2511 patres.

122 2517 202 2591 Quid
216 2520 376 2596 lacerem,
386 2538 443 2597 per
458 2523 540 2597 quod
556 2521 660 2582 fierem
674 2519 834 2580 manifesta
850 2518 990 2578 dolorist

162 2603 325 2677 Exigerem
340 2614 465 2666 nostrae
482 2606 583 2680 qualia
599 2603 710 2664 damna
724 2609 835 2663 notae?

49 2695 102 2749 315
116 2687 240 2749 Excidit
255 2688 389 2749 ollicium
402 2689 478 2750 tristi
492 2690 574 2758 mihi.
603 2689 685 2748 nulla
700 2686 806 2747 tuebar

163 2771 260 2846 Rura,
280 2774 379 2833 necin
394 2775 492 2848 pretio
510 2773 616 2834 fertilis
633 2772 737 2832 hortus
754 2778 832 2831 erat:

120 2854 199 2915 Lilia
212 2854 400 2932 deciderant,
416 2857 513 2918 violas
529 2873 616 2916 arere
631 2855 763 2928 videres,

163 2936 292 3013 Filaque
306 2941 427 3014 punicei
441 2941 585 3017 languida
600 2939 680 3000 lacta
694 2937 785 2999 croci.

123 3023 226 3095 Saepe
241 3022 312 3082 mihi
326 3023 489 3102 Zephyrus
506 3025 624 3084 “Deles
642 3037 836 3097 corrumpere
851 3017 912 3080 noli

49 3115 105 3168 320
162 3107 237 3179 ipsa
251 3112 344 3166 luas’'
362 3108 446 3168 dixit.
475 3110 532 3169 dos
548 3108 620 3166 mihi
638 3106 707 3166 vilis
722 3114 794 3167 erat.

118 3187 285 3250 Florebant
299 3193 400 3266 oleae,
417 3192 498 3251 venti
513 3207 647 3252 nocuere
664 3189 811 3264 protervi:

161 3273 326 3334 Florebant
340 3281 476 3350 segetes,
500 3276 648 3350 grandine
663 3273 747 3333 laesa
762 3287 864 3332 ceres:

119 3361 155 3418 In
170 3372 229 3432 spe
248 3357 318 3419 vitis
334 3367 407 3433 crat,
425 3359 542 3419 caelum
556 3358 701 3433 nigrescit
714 3356 752 3416 ab
767 3354 889 3429 austris,

160 3441 200 3501 Et
214 3440 316 3502 subita
329 3443 455 3503 frondes
472 3441 663 3503 decutiuntur
680 3456 769 3514 aqua.

51 3533 105 3588 325
120 3525 185 3585 Nec
198 3525 284 3586 volui
299 3526 380 3599 lieri,
402 3543 460 3587 nec
475 3543 544 3588 sum
560 3526 692 3586 crudelis
707 3524 737 3582 in
752 3523 813 3582 irat
