2394 3940
162 243 224 306 126
559 243 617 302 EX
642 241 789 302 PONTO

193 395 234 488 t.
290 425 540 488 oenncmo

246 523 381 635 Ecqua,
404 567 437 621 ut
450 559 598 620 audisti...
614 575 684 621 nam
698 566 728 620 te
743 560 868 620 diversa
881 561 1005 624 tenebat

209 696 212 704 .
284 645 413 704 Terra...
429 658 514 703 meos
529 657 630 716 casus,
654 658 708 703 cor
721 643 776 706 tibi
789 645 876 706 triste
891 645 966 705 tuit?

244 727 426 788 Dissimuies
441 733 622 803 metuasque
635 727 714 802 licet,
738 727 894 801 Graeciae,
918 729 1022 788 interit

286 811 319 872 Si
333 810 413 870 bene
428 817 456 870 te
471 810 553 883 novi,
573 810 659 871 triste
674 811 771 870 fuisse
785 812 889 887 liquet.

216 895 309 960 5N0n
326 895 407 954 cadit
419 894 451 954 iu
465 909 567 954 mores
582 894 685 954 ien'tas
700 894 869 954 inamabilis
884 895 970 966 istos,

284 978 347 1037 Neo
360 978 459 1037 minus
478 994 498 1036 a
511 978 619 1039 studiis
636 978 765 1037 dissidet
779 977 831 1038 illa
844 979 914 1038 tuis.

243 1061 367 1121 Artibus
382 1061 531 1136 ingenuis,
552 1077 677 1136 quarum
693 1061 747 1120 tibi
761 1060 894 1120 maxima
907 1077 982 1122 cura
997 1071 1052 1136 est,

282 1144 410 1205 Pectora
424 1145 607 1208 mollescunt
620 1145 833 1220 asperitasque
849 1146 933 1219 fugit.

242 1227 304 1287 Nec
319 1228 482 1302 quisquam
496 1227 624 1288 meliore
637 1229 699 1288 fide
717 1229 926 1304 complectitur
940 1230 1019 1303 illas,

204 1321 235 1374 10
286 1310 352 1383 Qua
366 1311 437 1370 sinit
453 1311 585 1370 osticium
602 1311 787 1388 militiaeque
802 1311 898 1372 tabor.

242 1394 328 1454 Certe
342 1409 400 1468 ego
416 1410 485 1454 eum
501 1394 630 1470 primum
646 1396 731 1470 potui
745 1395 858 1455 sentire
874 1396 948 1471 quid
961 1411 1108 1473 essem...

280 1477 356 1536 Nam
371 1478 426 1537 iuit
439 1479 565 1539 attonito
580 1493 668 1540 mens
684 1478 756 1538 mihi
771 1479 853 1540 nulia
866 1479 956 1539 diu...

239 1561 307 1620 Hoc
322 1576 447 1638 quoque
462 1562 612 1622 fortunam
627 1563 720 1636 sensi,
740 1562 824 1637 quod
838 1565 955 1624 amicus
970 1563 1106 1637 abesses,

281 1644 337 1718 Qui
351 1645 423 1704 mihi
437 1645 625 1720 praesidium
639 1646 755 1720 grande
769 1647 887 1706 iuturus
902 1662 982 1706 eras.

202 1737 232 1790 15
242 1729 354 1789 Tecum
369 1734 440 1789 tunc
455 1730 581 1789 aberant
594 1744 707 1803 aegrae
719 1730 837 1789 solacia
850 1731 969 1804 mentis,

279 1812 454 1887 Magnaque
468 1808 541 1889 'pars
556 1812 647 1872 animi
662 1812 845 1887 consiliique
858 1815 927 1873 mei.

239 1896 280 1955 At
297 1911 393 1969 nunc,
414 1897 497 1971 quod
518 1903 676 1971 superest,
700 1897 745 1955 ter
766 1911 873 1972 opem,
902 1911 1028 1972 precor,
1056 1896 1161 1957 eminus

278 1979 488 2054 Attoquioque
501 1979 573 2038 iuva
587 1986 713 2054 pectora
727 1986 833 2039 nostra
845 1986 908 2054 tuo,
1060 1983 1161 2060 [unam

240 2059 331 2134 Quae,
353 2077 415 2120 non
429 2062 569 2121 mendaci
584 2063 611 2121 si
627 2062 790 2138 quicquam
805 2065 905 2123 credis
921 2063 1028 2140 amico,

197 2149 232 2204 20
284 2141 380 2204 Stulta
395 2145 492 2218 magis
508 2144 577 2218 dici,
600 2161 691 2220 quam
706 2147 864 2222 scelerata,
887 2147 985 2208 decet.

237 2227 300 2285 Nec
313 2226 415 2300 breve,
437 2242 494 2287 nec
509 2233 613 2301 tutum,
633 2231 751 2303 peccati
769 2245 848 2305 quae
863 2230 902 2290 sit
916 2231 1014 2307 origo,

279 2309 428 2370 Scribere.
461 2312 583 2372 tractari
598 2312 724 2372 vulnera
738 2320 844 2374 nostra
859 2313 972 2374 timent.

239 2393 457 2470 Quaiicumque
474 2397 566 2456 modo
583 2395 655 2455 mihi
670 2395 730 2455 sint
744 2413 781 2456 ea
795 2397 883 2469 iacta,
902 2413 1012 2473 rogare

278 2478 401 2539 Desine.
432 2494 494 2539 non
508 2480 614 2555 agites,
636 2480 727 2554 siqua
742 2480 824 2540 coire
839 2482 925 2542 velis.
1016 2480 1024 2489 ’

196 2572 230 2624 25
241 2561 393 2638 Quicquid
407 2562 439 2622 id
455 2569 512 2636 est,
527 2570 560 2623 ut
573 2579 634 2624 non
649 2564 777 2638 tacinuS,
793 2565 838 2625 sic
854 2565 945 2641 culpa
958 2567 1102 2628 vocanda
1114 2573 1164 2626 est.

279 2645 383 2706 Omnis
398 2661 436 2705 an
452 2646 483 2704 in
497 2657 625 2720 magnos
641 2648 732 2723 culpa
749 2649 825 2709 deos
841 2650 944 2710 scetus
960 2658 1029 2711 estt

238 2727 317 2804 Spes
333 2729 422 2802 igitur
436 2728 528 2786 menti
542 2744 670 2804 poenae,
692 2731 849 2806 Graecina,
872 2734 1023 2794 levandae

275 2811 342 2870 Non
357 2818 405 2872 est
419 2825 458 2870 ex
472 2817 535 2871 toto
551 2814 633 2872 nulia
646 2814 751 2874 relicta
766 2831 863 2876 meae.

235 2893 318 2954 Haec
334 2894 400 2968 dea,
423 2909 491 2954 cum
506 2895 645 2970 fugerent
658 2900 825 2960 sceleratas
840 2903 964 2960 numina
977 2907 1086 2974 tetras,

183 2984 219 3038 30
273 2977 307 3036 ln
322 2977 370 3038 dis
385 2979 485 3040 invisa
498 2981 567 3040 sola
580 2981 726 3042 remansit
740 2982 843 3043 humo.

233 3059 317 3121 Haec
331 3061 410 3137 iacit,
430 3068 463 3124 ut
476 3065 560 3126 vivat
574 3066 679 3126 fossor
694 3081 818 3140 quoque
833 3067 985 3143 compede
1000 3067 1131 3141 vinctus,

273 3144 444 3224 Liberaque
459 3164 478 3208 a
492 3149 572 3210 terro
587 3165 677 3210 crura
691 3150 791 3210 futura
804 3157 898 3225 putet.

232 3227 315 3288 Haec
330 3228 410 3305 iacit,
429 3238 470 3306 ut,
492 3232 595 3294 videat
610 3249 678 3293 cum
691 3240 788 3294 terras
804 3235 938 3309 undique
952 3233 1064 3311 nullas,

269 3311 440 3389 Naufragus
455 3314 485 3374 in
500 3316 608 3376 mediis
623 3315 750 3376 brachia
763 3317 855 3378 iactet
869 3319 969 3394 aquis.

182 3401 218 3456 35
233 3393 335 3473 Saepe
349 3398 482 3473 aliquem
496 3399 605 3459 sollers
620 3401 808 3460 medicorum
824 3417 897 3462 cura
910 3401 1041 3476 reliquit,

131 3496 138 3509 ⁸
271 3479 334 3540 Nee
348 3498 422 3558 spes
437 3482 507 3542 huie
522 3498 601 3543 vena
616 3484 777 3544 deficiente
793 3486 883 3546 cadit.
