2372 3928
156 245 218 312 Μ
533 239 788 302 unslouulu

240 398 303 458 lam
319 395 448 456 dederat
461 399 568 454 cantus
583 390 661 452 lucis
678 391 878 468 praenuntius
890 391 964 470 ales,

282 479 355 542 curn
369 478 505 539 referunt
516 476 645 537 iuvenes
660 474 691 535 ln
707 491 765 536 sua
778 481 880 537 castra
897 475 1021 554 pedem.

241 563 380 640 carpitur
394 559 539 623 attonitos
554 557 690 620 absentis
705 559 838 636 imagine
852 575 964 622 sensus

171 659 224 716 770
275 649 339 708 llte.
367 644 542 707 recordanti
556 646 645 722 plura
659 644 819 720 magisque
833 645 963 721 placent

241 732 293 795 Sic
307 729 395 804 sedit,
419 729 465 791 sic
480 729 562 790 culta
576 727 645 802 luit,
668 728 714 790 sic
730 728 860 790 stamina
873 727 966 804 nevit,

281 815 444 892 Neglectae
459 813 539 875 collo
554 811 599 872 sic
613 810 735 874 iacuere
751 827 867 886 comae,

242 901 307 962 llos
320 897 427 960 habuit
442 900 560 974 voltus,
581 896 659 957 haec
673 896 716 958 illi
732 896 826 957 verba
847 896 977 972 70070777,

281 983 338 1044 7770
353 982 453 1058 00707,
472 981 550 1042 haec
565 977 669 1058 iacies,
691 980 742 1042 hic
757 980 852 1040 decor
867 981 930 1040 oris
945 985 1020 1040 erat

174 1079 224 1138 770
238 1069 280 1132 Ut
295 1069 406 1128 soleta
421 1081 532 1142 magno
546 1063 657 1126 fluctus
672 1065 872 1140 languescere
887 1061 971 1136 77070,

282 1150 345 1213 Sed
358 1156 459 1210 7077700
475 1165 494 1208 0
508 1155 609 1226 vento,
632 1147 685 1225 qui
702 1148 766 1226 luit,
785 1147 869 1209 unda
883 1154 986 1224 tumet,

241 1235 293 1296 Sic
308 1232 447 1309 quamvis
462 1233 568 1294 aberat
586 1233 716 1310 placitae
729 1232 904 1312 praesentia
915 1231 1046 1306 formae,

282 1317 375 1392 Quem
392 1316 521 1377 dederat
534 1331 684 1392 praesens
698 1317 805 1390 lorma,
827 1315 970 1376 manebat
983 1329 1086 1377 amor.
1183 1301 1184 1358 ἶ

241 1402 346 1474 Ardet,
369 1405 401 1460 et
414 1400 518 1462 iniusti
531 1399 661 1462 stimulis
680 1399 810 1476 agitatur
824 1400 948 1460 amoris.
1006 1406 1013 1408 “

104 1483 109 1496 ’
175 1496 227 1554 780
282 1485 445 1562 comparat
458 1484 583 1560 indigno
598 1485 721 1560 vimque
737 1484 903 1559 dolumque
917 1489 997 1544 7070.

240 1569 347 1630 Exitus
361 1568 391 1628 in
407 1567 500 1629 dubio
515 1575 571 1628 cst.
601 1568 803 1630 ‘Audebimus
816 1567 956 1628 ultimat’
976 1566 1074 1629 ‹lixite

281 1652 428 1724 ‘Viderit
449 1653 597 1715 audentes
614 1653 719 1712 lorsne
734 1652 852 1712 deusne
866 1652 958 1711 iuvet.

242 1737 384 1813 Cepimus
399 1735 542 1798 audendo
559 1735 672 1796 Gabios
688 1739 834 1812 quoque?
861 1735 945 1795 Talia
958 1733 1042 1795 lutus

282 1822 365 1882 Ense
378 1821 457 1881 latus
472 1819 580 1896 cinxit,
595 1826 743 1896 tergaque
758 1817 872 1895 pressit
885 1819 966 1894 equi.

173 1915 226 1972 700
239 1905 361 1981 Accipit
375 1910 479 1965 aerata
492 1906 633 1965 iuvenem
648 1901 774 1966 Collatia
788 1907 886 1979 porta,

285 1977 423 2050 condere
438 1988 498 2048 iam
512 1988 614 2049 voltus
630 1987 696 2048 sole
711 1993 837 2063 parante
851 2000 935 2046 suos.

241 2073 362 2144 Hostis,
386 2078 419 2131 ut
432 2071 565 2148 hospes,
586 2072 640 2132 init
654 2071 823 2147 penetralia
837 2069 1001 2131 Collatiam

284 2154 414 2215 comiter
427 2155 585 2230 excipitur.
615 2155 764 2232 sanguine
778 2156 898 2216 iunctus
915 2161 989 2216 erat.

243 2238 393 2313 Quantum
407 2237 515 2298 animis
531 2240 643 2299 erroris
659 2239 753 2301 inestl
772 2246 861 2316 parat
876 2239 976 2301 inscia
988 2255 1100 2303 rerum

174 2335 225 2392 790
281 2322 390 2384 Inlelix
408 2323 515 2397 epulas
530 2321 671 2385 hostibus
685 2324 737 2384 illa
751 2323 828 2384 suls.

244 2407 376 2470 Functus
391 2413 456 2468 erat
474 2407 615 2484 dapibus.
643 2415 776 2484 poscunt
790 2423 848 2468 sua
861 2413 1002 2482 tempora
1019 2421 1168 2468 somnum

280 2492 349 2553 Nox
364 2499 442 2570 erat,
464 2499 494 2554 07
506 2499 571 2555 tota
583 2493 696 2554 lmnino
710 2493 794 2553 nulla
807 2491 910 2554 710070.

244 2575 359 2652 Surgit,
384 2584 413 2638 07
427 2582 565 2638 00707007
580 2576 691 2652 vagina
704 2575 813 2638 liberat
827 2590 940 2647 ensem,

280 2661 318 2720 Et
335 2659 462 2720 venitin
477 2659 643 2736 thalamos,
666 2666 761 2736 rmpta
777 2660 903 2737 pudica,
922 2663 1003 2718 tuos.

176 2753 226 2809 790
241 2743 341 2818 thue
355 2750 455 2802 torum
469 2744 591 2818 pressit,
614 2743 760 2820 ‘Ferrum
773 2744 920 2815 Lucretia,
936 2757 1066 2804 mecum
1081 2751 1148 2805 esti

284 2825 391 2886 Natus’
407 2825 448 2886 077
462 2826 556 2903 ‘regis
571 2827 816 2905 Tarquiniusque
830 2829 963 2903 loquor!

243 2909 298 2969 llla
312 2909 394 2970 nibil.
424 2912 621 2987 nequeenim
634 2927 744 2974 vocem
760 2912 904 2988 viresque
919 2910 1088 2988 loquendi,

284 2993 345 3052 Aut
358 2993 474 3068 aliquid
485 3001 551 3058 toto
567 3003 693 3074 pectore
706 2997 814 3058 mentis
829 2994 929 3058 habet

245 3074 307 3136 Sed
323 3078 431 3150 tremit,
447 3085 480 3140 ut
494 3082 650 3154 quondam
664 3080 792 3142 stabulis
807 3081 961 3158 deprensa
973 3077 1105 3142 relictis

173 3169 229 3225 7800
282 3159 380 3220 Parva
394 3162 452 3223 sub
467 3163 577 3226 infesto
594 3181 662 3226 cum
676 3163 755 3224 iacet
769 3181 848 3240 agna
862 3165 945 3242 lupo.

244 3243 322 3318 Quid
337 3243 447 3304 laciatl
465 3255 600 3324 pugnet?
621 3248 760 3309 vincetur
775 3250 887 3310 lemine
901 3263 1064 3325 pugnans.

284 3326 417 3387 Clamet?
432 3335 464 3388 07
476 3329 506 3388 in
522 3331 637 3405 dextra,
663 3331 714 3409 qui
728 3339 819 3409 velet,
834 3333 919 3394 ensis
935 3336 1009 3391 erat

241 3410 394 3486 Effugiatt
414 3413 524 3488 positis
539 3423 705 3491 urguentur
720 3425 846 3492 pectora
861 3415 980 3493 palmis,

281 3496 364 3555 l’uno
378 3497 507 3572 primum
523 3507 649 3561 externa
665 3508 791 3578 pectora
803 3509 884 3562 tacta
899 3515 1001 3562 manu.
