2394 3940
385 223 415 265 0.
436 206 613 274 527-604.

131 357 265 421 Traditur
278 357 367 417 Icarii
382 374 442 432 quo
458 358 610 421 cecidisse
623 376 727 436 gener.

97 445 190 520 thue
204 442 319 517 loquax
332 441 363 500 in
380 457 460 516 equo
477 448 525 503 est
539 445 633 504 elisus
649 452 750 518 guttur
764 461 884 520 acerno,

134 527 183 588 Sic
196 525 249 584 tihi
265 525 424 585 claudatur
438 527 549 601 pollice
564 527 651 587 vocis
666 528 730 587 iter.

97 612 152 670 Aut
164 616 196 670 ut
208 608 410 668 Anaxarchus
425 609 489 683 pila
502 612 648 670 minuaris
663 611 692 669 in
708 613 776 686 alta,

51 701 91 756 510
136 695 275 767 laetaque
289 708 346 767 pro
362 693 459 753 solitis
476 693 615 787 frugibus
631 709 706 754 ossa
719 701 841 756 sonent.

97 778 187 852 litque
201 782 315 852 patrem
329 774 526 851 Psamathes,
541 777 656 838 condat
668 785 699 837 te
712 777 855 839 Phoebus
872 779 902 839 in
918 781 979 839 ima

131 863 258 922 Tartara.
288 861 373 934 quod
386 867 476 920 natae
490 864 603 921 fecerat
617 861 667 920 illc
682 877 766 921 suae.

99 946 183 1018 inque
197 952 267 1003 tuos
283 959 320 1002 ea
333 943 430 1018 pestis
446 951 509 1018 eat,
527 961 618 1020 quam
633 944 741 1006 dextra
755 945 886 1007 Coroebi

134 1026 225 1098 Vicit,
241 1042 331 1102 opem
346 1027 467 1087 miseris
481 1027 698 1103 Argolicisque
711 1029 786 1088 tulit

52 1112 188 1184 5151150005
202 1125 300 1185 nepos
313 1110 463 1184 Aethrae,
476 1112 608 1171 Veneris
623 1112 785 1172 moriturus
801 1110 840 1172 ob
856 1111 942 1188 iram,

130 1195 203 1254 Exul
218 1193 255 1252 ab
270 1194 403 1254 attonitis
419 1195 581 1256 excutiaris
596 1195 695 1270 equis.

96 1277 210 1352 Propter
225 1293 301 1352 opes
315 1293 443 1352 magnos
457 1284 490 1338 ut
504 1278 635 1353 perdidit
648 1278 765 1356 hospes
778 1281 939 1354 alumnum,

130 1361 234 1420 Perdat
249 1360 288 1420 ob
303 1361 431 1436 exiguas
445 1367 476 1420 te
490 1369 559 1422 tuus
575 1362 691 1438 hospes
707 1379 795 1439 opes.

97 1443 183 1518 thue
197 1445 295 1504 terunt
310 1459 421 1504 caesos
436 1459 493 1504 sex
508 1461 575 1504 oum
589 1446 847 1508 Damasichthone
861 1450 981 1520 tratres,

54 1533 89 1587 500
133 1529 258 1588 Intereat
271 1535 369 1588 tecum
386 1528 431 1588 sic
445 1544 542 1602 genus
559 1545 648 1589 omne
661 1537 754 1590 tuum.

98 1611 212 1671 Addidit
225 1619 258 1672 ut
271 1612 382 1671 fidicen
397 1612 518 1672 miseris
533 1630 591 1674 sua
605 1614 713 1674 lunera
726 1616 814 1692 natis,

132 1694 177 1755 Sic
189 1694 242 1754 tibi
257 1695 319 1756 sint
333 1696 411 1754 vitae
425 1696 527 1756 taedia
542 1696 621 1757 iusta
636 1703 714 1756 tuae.

98 1775 162 1836 Utve
175 1795 265 1838 soror
275 1778 398 1854 Pelopis
414 1796 490 1840 saxo
506 1780 626 1840 dureris
641 1779 758 1854 oborto,

130 1861 163 1921 Et
175 1863 278 1923 laesus
293 1863 395 1938 lingua
409 1864 515 1924 Battus
530 1863 567 1922 ab
583 1863 651 1938 ipse
666 1879 732 1923 sua.

56 1949 92 2002 505
102 1945 170 2004 tora
183 1946 209 2005 si
223 1947 319 2006 misso
335 1947 484 2021 liquidum
499 1946 670 2007 iaculabere
686 1948 783 2022 disco,

132 2028 189 2102 Quo
205 2046 281 2104 puer
296 2029 458 2092 Oebalides
473 2032 550 2092 ictus
565 2030 603 2090 ab
620 2031 693 2091 orbe
709 2031 814 2092 cadas.

99 2109 178 2186 Siqua
197 2130 252 2189 per
269 2117 401 2175 alternos
422 2114 592 2191 pulsabitur
607 2115 691 2176 unda
704 2117 845 2188 lacertos

132 2195 227 2256 Omnis
246 2197 399 2273 Abydena
415 2200 454 2259 sit
468 2199 521 2258 tibi
542 2199 627 2273 peior
646 2215 737 2274 aqua.

99 2276 222 2339 Comicus
239 2288 271 2340 ut
286 2281 395 2340 mediis
412 2283 516 2358 periit,
538 2283 610 2342 dum
628 2282 734 2355 nabat,
754 2283 785 2342 in
800 2283 901 2356 undis,

54 2365 89 2416 500
132 2361 165 2421 Et
180 2370 231 2422 tua
249 2364 294 2424 sio
315 2364 440 2442 Stygius
457 2365 627 2440 strangulet
640 2381 694 2424 ora
711 2367 819 2440 liquor.

96 2444 145 2502 Aut
156 2446 204 2505 ubi
219 2455 380 2507 ventosum
396 2449 552 2524 superaris
568 2448 733 2522 naufragus
753 2464 878 2525 aequor,

131 2527 267 2589 Contacta
282 2546 406 2604 pereas,
422 2539 455 2592 ut
466 2531 640 2604 Palinurus,
656 2531 758 2590 humo.

96 2608 180 2684 thue
199 2612 411 2674 cothurnatum
426 2621 528 2674 vatem
546 2617 639 2675 tutela
655 2615 779 2686 Dianae,

25 2693 26 2724 ³
128 2693 250 2755 Dilaniet
265 2697 388 2771 vigilum
402 2705 432 2758 te
447 2713 570 2773 quoque
584 2695 672 2758 turba
691 2713 810 2757 canum.

25 2783 27 2796 ·
52 2779 85 2830 505
95 2776 144 2834 Aut
156 2785 186 2836 ut
198 2779 369 2840 Trinacrius
385 2781 479 2842 salias
494 2797 589 2856 super
603 2797 657 2840 ora
675 2782 815 2856 gigantis,

25 2895 27 2922 ;
126 2858 250 2922 Plurima
268 2880 330 2937 qua
344 2862 483 2925 flammas
500 2864 619 2924 Sicanis
634 2865 734 2924 Aetna
747 2863 851 2924 vomit.

95 2940 289 3020 Diripiantque
308 2954 377 3008 tuos
394 2949 511 3008 insanis
526 2946 679 3021 unguibus
695 2955 778 3008 artus

127 3024 313 3104 Strymoniae
327 3039 457 3106 matres,
474 3030 614 3106 Orpheos
629 3046 700 3090 esse
715 3038 809 3091 ratae.

92 3105 171 3168 Natus
186 3119 216 3170 ut
229 3113 378 3174 Althaeae
392 3112 522 3176 flammis
543 3113 720 3174 absentibus
736 3115 818 3187 arsit,

52 3189 85 3246 tto
127 3191 173 3252 Sic
186 3201 254 3256 tuus
272 3199 415 3258 ardescat
434 3199 545 3275 stipitis
560 3198 630 3273 igne
645 3214 746 3273 rogus.

91 3273 122 3333 Ut
133 3292 208 3336 nova
221 3279 370 3341 Phasiaca
385 3297 567 3358 comprensa
583 3289 631 3342 est
645 3289 878 3364 nupta-corona,

126 3360 219 3436 thue
236 3373 322 3438 pater
337 3374 464 3440 nuptae,
481 3382 610 3442 eumque
630 3373 755 3442 parente
770 3366 896 3426 domus:

90 3439 400 3509 111500051155501505
415 3450 488 3509 abiit
502 3448 632 3510 diffusus
649 3451 678 3508 iu
694 3457 791 3510 artus.

124 3526 251 3604 corpora
267 3531 444 3606 pestiferum
459 3533 504 3594 sio
519 3542 571 3594 tua
585 3534 669 3592 virus
685 3533 763 3591 edat.
