2372 3928
391 221 434 298 11,
456 221 613 288 Dii-1⁰4.
937 223 1000 290 223

86 377 173 452 Saepe
188 389 300 452 graves
315 372 437 449 pluvias
453 373 621 449 adopertus
632 373 765 437 nubibus
781 383 886 437 auster

118 457 264 533 concitat,
280 463 331 518 aut
345 455 447 532 posita
462 456 519 517 sub
535 456 606 518 nive
620 464 700 518 terra
715 459 795 520 latet.

364 588 395 652 2.
414 590 476 652 Ad
515 591 545 653 3.
566 591 624 652 ΒΝ

85 705 231 780 Proximus
248 705 415 782 Hesperias
430 706 516 767 Titan
531 707 666 771 abiturus
682 709 713 770 in
729 712 826 772 undas

117 791 255 852 Gemmea
273 789 437 865 purpureis
452 805 521 850 eum
535 792 607 868 iuga
620 792 722 854 demet
736 794 834 870 equis,

49 881 73 936 to
83 874 126 935 iilo
139 879 228 935 nocte
243 872 370 948 aliquis,
391 874 503 935 totiens
518 875 558 936 ad
574 876 677 938 sidera
692 879 816 951 voltum,

117 957 197 1018 Dicet
211 956 281 1019 ‘Ubi
296 961 344 1016 est
356 955 450 1017 hodie
466 973 546 1035 qnae
559 959 642 1039 Lyra
656 961 742 1022 fuisit
754 961 859 1021 berit‘

85 1041 209 1118 Dumque
223 1040 336 1117 Lyram
351 1048 492 1117 quaeret,
512 1043 603 1104 medii
619 1060 744 1120 quoque
756 1052 841 1121 terga
854 1045 969 1108 Leonis

117 1126 147 1184 In
160 1123 293 1201 liquidas
308 1123 410 1186 subito
424 1139 526 1188 mersa
540 1128 657 1189 notabit
671 1145 780 1205 aquas.

436 1257 467 1321 4.
495 1260 551 1320 CN

87 1372 168 1447 Quem
180 1375 275 1437 modo
290 1375 439 1439 caelatum
455 1377 551 1438 stellis
567 1378 719 1455 Delphina
732 1379 871 1452 videbas,

50 1465 74 1516 to
116 1459 143 1518 Is
157 1458 250 1534 fugiet
262 1458 351 1520 visus
366 1465 457 1521 nocte
474 1469 623 1536 sequente
639 1468 725 1523 mosa

87 1539 136 1600 Seu
151 1542 204 1604 tuit
219 1542 346 1604 occultis
362 1543 435 1604 felix
451 1543 482 1604 in
497 1544 654 1606 amoribus
669 1543 772 1618 index,

118 1624 245 1688 Lesbida
260 1640 329 1686 oum
345 1626 469 1688 domino
485 1643 540 1688 seu
559 1628 625 1690 trdit
639 1627 690 1688 iile
703 1628 811 1706 lyram.

87 1706 162 1781 Quod
178 1725 262 1770 mare
275 1724 337 1769 non
351 1710 451 1784 novit,
468 1727 548 1788 quae
562 1711 662 1773 nescit
673 1711 791 1772 Ariona
806 1711 917 1772 teitusa

117 1791 248 1854 Carmine
262 1800 419 1855 eumentes
435 1793 486 1855 iiie
499 1794 622 1856 tenebat
636 1811 744 1870 aquas.

52 1873 175 1950 osacpo
190 1893 326 1953 sequens
340 1893 451 1954 agnam
465 1878 556 1954 iupus
565 1885 722 1941 estavoce
736 1883 886 1938 retemuss

120 1957 212 2036 Saepe
229 1960 354 2023 avidum
368 1961 488 2037 fugiens
503 1962 612 2022 restitit
624 1977 704 2037 agna
717 1963 833 2038 lupum.

87 2040 174 2117 Saepe
187 2059 280 2105 canes
296 2047 480 2122 leporesque
493 2045 602 2106 umbra
616 2045 749 2107 cubuere
764 2044 821 2108 sub
836 2061 907 2120 una,

118 2125 153 2186 itt
166 2128 245 2190 stetit
260 2129 291 2188 in
307 2143 387 2189 wsuano
402 2129 543 2206 proxima
560 2145 652 2191 cerva
666 2131 749 2190 leaeo

86 2207 117 2268 Et
129 2209 189 2272 sine
203 2211 254 2272 lite
269 2213 384 2288 loquax
398 2227 467 2274 oum
482 2212 614 2274 Palladis
628 2214 700 2276 atita
715 2214 822 2274 cornix

51 2297 76 2353 to
122 2289 212 2369 Sedit,
235 2304 265 2356 et
281 2295 416 2373 accipitri
431 2296 534 2358 iuncte
550 2296 690 2358 columba
706 2297 769 2356 suit.

88 2373 203 2455 cyntiria
217 2394 312 2455 saepe
329 2380 388 2440 tuis
403 2381 512 2456 fertur,
529 2379 645 2441 vocalis
660 2379 766 2452 Arion,

121 2460 278 2538 Tamquam
293 2463 434 2526 iratemis
449 2463 639 2540 obstipuisse
652 2462 765 2523 modis.

88 2539 188 2605 Nomen
204 2547 363 2608 Arionium
378 2546 497 2609 Siculas
513 2547 691 2624 impleverat
703 2544 807 2618 urbes,

124 2627 271 2706 captaque
286 2637 352 2692 erat
374 2631 477 2710 tyticis
492 2631 629 2692 Ausonis
645 2645 699 2690 ora
716 2629 813 2690 sonis.

52 2714 77 2770 ta
88 2708 152 2771 Inde
166 2713 286 2774 domum
301 2721 444 2791 repetens
459 2730 595 2791 puppam
610 2713 789 2776 conscendit
802 2711 906 2788 Arion,

17 2855 19 2872 ‚
124 2795 215 2871 Atque
235 2797 277 2859 ita
294 2799 453 2875 quaesitas
471 2807 534 2860 arte
550 2797 666 2858 terebat
681 2813 768 2874 opes.

17 2953 18 2958 ἵ
89 2874 227 2954 Forsitan,
244 2881 364 2956 inieiix,
385 2889 495 2943 ventos
509 2882 672 2957 undasque
688 2879 835 2943 timebas:

124 2961 159 3023 At
171 2963 222 3025 tibi
236 2981 315 3026 nave
328 2972 381 3026 tua
392 2966 484 3027 tutius
499 2980 616 3042 aequor
631 2971 704 3024 erat.

89 3041 209 3123 Namque
222 3049 407 3124 gubernator
422 3051 566 3111 destricto
584 3047 717 3109 constitit
730 3061 814 3122 ense,
843 3109 845 3112 .

39 3131 75 3184 too
121 3127 279 3208 ceteraque
295 3138 410 3194 anneta
425 3134 550 3195 conscia
565 3132 653 3193 turba
666 3147 768 3191 mann.
849 3175 852 3178 -

89 3208 154 3284 outo
168 3215 219 3276 tibi
233 3231 303 3278 aum
318 3216 443 3292 pladiot
458 3217 581 3279 dubiam
595 3231 685 3292 rege,
706 3216 825 3287 navita,
846 3213 960 3288 pinum
1010 3289 1012 3294 ι

121 3295 181 3360 Non
194 3299 272 3362 haee
286 3308 358 3362 sunt
372 3300 474 3376 digitis
491 3317 575 3360 arma
590 3297 722 3360 tenenda
740 3297 809 3358 tuis.
885 3375 893 3391 ο

89 3374 139 3450 lile,
155 3389 233 3445 metu
246 3399 374 3459 vacuos,
397 3383 538 3446 ‘Mortem
551 3399 613 3444 non
630 3383 794 3458 deprecor’
808 3379 915 3456 iuquit,

122 3462 190 3528 ‘Sed
206 3468 296 3536 liceat
310 3473 433 3545 sumpta
447 3483 547 3545 pauca
559 3467 673 3526 referre
690 3466 781 3544 lyra!
