2372 3928
353 238 396 311 11,
419 236 598 302 aee-472.

24 403 59 456 dl
70 393 159 452 Monte
173 390 229 450 snb
244 389 385 464 Esquilio
401 390 500 450 multis
517 391 685 452 incaeduus
702 393 790 454 annis

102 475 218 534 lunonis
234 489 364 548 magnae
378 472 500 533 nomine
514 475 601 534 lucus
617 481 689 534 erat.

70 559 124 618 Huc
138 557 186 616 ubi
200 563 364 631 venerunt,
380 556 493 631 puriter
508 563 682 632 nuptaeque
701 557 817 632 virique

103 641 281 718 Suppliciter
295 641 396 715 posita
412 639 604 714 procubuere
617 656 713 714 genus

39 749 42 756 ⁴
71 725 133 785 Cum
146 724 245 786 subito
260 730 361 783 motae
376 730 525 783 tremuere
539 724 698 784 cacumina
712 725 818 800 silvae,

24 815 60 866 llo
100 808 134 867 lh
147 809 204 868 deo
218 823 274 883 per
288 808 375 869 luoos
390 808 465 866 mira
479 807 580 867 locuta
595 823 680 868 suos.

70 891 190 951 ‘ltalidas
204 897 328 952 matres’
342 891 440 964 inquit
458 894 559 950 ‘sacer
573 890 675 950 hircus
690 891 785 952 inito!

104 973 250 1050 Obstipuit
265 973 357 1033 dnbio
372 973 474 1034 territa
489 974 577 1034 turha
591 989 679 1034 sano.

69 1059 162 1132 hagar
176 1065 254 1129 erat,
272 1073 383 1118 nomeu
397 1058 498 1132 longis
513 1057 665 1118 intercidit
678 1058 780 1117 annis=

103 1141 199 1216 Nuper
213 1142 252 1201 ab
265 1141 393 1202 Etrusca
407 1147 533 1201 venerat
547 1141 617 1200 exul
632 1140 734 1201 humo.

25 1227 59 1279 lli
70 1225 113 1284 llle
126 1240 246 1300 caprum
260 1231 379 1285 mactat
409 1224 513 1285 iussae
528 1239 585 1285 sua
599 1232 685 1298 terga
700 1226 819 1299 puellae

102 1307 229 1370 Pellibus
245 1309 377 1368 exsectis
393 1307 592 1384 percutienda
607 1308 729 1367 dabant.

70 1391 140 1451 Luna
154 1391 327 1452 resumebat
344 1391 559 1452 decimo-nova
577 1406 692 1451 cornua
706 1397 799 1462 motu,

102 1475 212 1550 Virque
226 1483 313 1551 pater
327 1474 442 1548 subito,
458 1482 615 1550 nuptaque
632 1481 728 1533 mater
743 1481 817 1533 emt.

73 1557 162 1619 Gratia
173 1559 314 1618 Lucinae.
343 1559 428 1619 dedit
442 1558 519 1619 haec
533 1558 585 1617 tihi
602 1558 724 1618 nomina
739 1557 836 1629 lucus,

28 1637 63 1689 4⁵⁰
104 1643 160 1703 hut
173 1644 243 1716 quia
259 1642 439 1718 principium
454 1649 500 1711 tu,
517 1643 590 1716 dea,
607 1641 683 1700 lueis
699 1640 804 1700 habes.

71 1722 166 1800 Parce,
180 1742 305 1802 precor,
320 1726 471 1800 gravidis,
488 1725 585 1784 facilis
600 1724 729 1798 Lucina,
745 1722 865 1798 puellis,

102 1807 306 1885 illatarumque
322 1815 407 1870 utera
424 1809 554 1868 molliter
567 1809 655 1867 auter
669 1822 758 1868 onus.

74 1889 132 1952 Orta
150 1892 213 1954 dies
231 1894 334 1966 luerit,
349 1899 382 1953 tu
396 1893 503 1953 desine
518 1892 643 1951 credere
659 1890 767 1950 ventis.

107 1975 234 2036 Perdidit
247 1977 328 2037 illius
343 1976 489 2051 temporis
504 1991 579 2035 aura
592 1975 693 2044 fldem.

31 2057 195 2118 malamina
208 2076 269 2121 non
285 2065 434 2120 constant.
463 2066 493 2119 el
507 2074 564 2119 sex
578 2063 713 2117 reserata
728 2055 836 2117 debus

107 2142 235 2204 Carceris
251 2145 351 2204 Aeolii
366 2144 457 2203 ianua
471 2145 542 2202 laxa
558 2147 648 2216 patet.

73 2224 124 2284 lun
137 2227 209 2287 levis
226 2227 351 2302 obliqua
365 2226 504 2287 subsedit
517 2225 673 2300 Aquarius
689 2239 773 2283 arne.

106 2310 256 2371 Proximus
272 2311 433 2371 aethereas
450 2308 575 2384 excipe,
588 2308 701 2381 Piscis,
717 2320 825 2380 equas.

73 2393 106 2452 Te
118 2400 279 2456 memorant
294 2395 478 2469 fratremque
493 2401 606 2453 tuum...
622 2407 692 2450 nam
707 2390 808 2448 iuncta
824 2385 940 2447 micatis

31 2479 66 2534 la
110 2476 225 2554 Signa...
241 2480 320 2538 duos
336 2485 421 2552 tergo
436 2475 620 2536 sustinuisse
635 2474 722 2533 deos.

74 2560 229 2621 Terribilem
244 2562 399 2637 quondam
415 2559 533 2634 lugiens
548 2558 699 2636 Typhona
712 2555 818 2628 Dione,

105 2644 178 2706 Tunc
191 2662 259 2706 oum
275 2661 330 2721 pro
347 2644 433 2703 caelo
449 2642 582 2718 luppiter
596 2657 680 2701 arma
693 2639 765 2711 tulit,

75 2727 149 2788 Venit
161 2730 201 2790 ad
214 2726 388 2805 Euphraten
404 2727 546 2788 comitata
563 2725 711 2801 cupidine
726 2736 831 2799 parvo,

105 2812 191 2888 laque
205 2811 394 2872 Palaestinae
411 2811 546 2885 margine
562 2808 642 2869 sedit
657 2822 765 2882 equae.

31 2891 65 2945 ⁴6⁶
75 2891 193 2970 Pondus
208 2903 238 2957 et
252 2910 369 2957 cannae
382 2895 517 2970 ripamm
532 2907 651 2952 summa
665 2889 814 2962 tenebant,

108 2977 255 3056 Spemque
270 2978 384 3040 dabant
398 2977 526 3050 salices,
542 2977 600 3036 hos
617 2989 741 3050 quoque
756 2987 851 3049 posse
866 2970 937 3047 tegi.

74 3061 138 3122 llam
151 3065 235 3139 latet,
251 3063 388 3123 insonuit
402 3067 492 3122 vento
509 3075 627 3120 nemus.
655 3058 706 3117 illa
720 3057 827 3118 timore

107 3143 209 3220 Pallet,
225 3154 256 3208 et
273 3146 402 3206 hostiles
419 3145 515 3204 credit
529 3143 641 3203 adesse
655 3157 773 3202 manus.

74 3225 158 3304 thue
172 3231 242 3291 sinu
255 3229 350 3290 tenuit
363 3233 480 3300 notum,
496 3225 695 3296 ‘Succurrite
711 3222 875 3302 nymphae,

31 3311 66 3366 llo
109 3312 143 3372 Et
155 3315 201 3374 dis
216 3313 362 3375 auxilium
378 3311 452 3371 ferte
467 3310 618 3371 duobusl’
634 3308 683 3368 ait.

75 3391 127 3455 llec
138 3413 234 3471 mara,
250 3395 400 3474 prosiluit.
431 3395 534 3469 pisces
549 3392 672 3453 subiere
687 3388 819 3464 gemelli:

107 3477 158 3540 Pro
174 3498 233 3556 quo
247 3495 328 3541 nuno
343 3477 425 3539 cerni
440 3477 544 3537 sidera
558 3490 668 3536 munus
683 3472 804 3532 hahent.
