2394 3940
205 195 266 263 152
604 197 664 258 EX
685 197 833 258 ΡΟΝΤΟ

330 350 427 424 Quive
442 357 630 426 repertorem
643 350 752 410 torruit
767 357 831 410 arte
846 366 917 410 suci

236 444 271 498 to
286 433 349 496 Sed
364 449 456 510 quam
471 441 566 494 morta
581 435 670 494 ferox
685 441 715 493 et
728 433 810 494 vinci
826 434 950 494 nescius
969 434 1072 510 armis.

327 519 401 577 Tam
416 533 596 592 numquam,
612 518 693 577 iacta
708 531 801 594 pace,
817 517 936 578 cruoris
950 533 1066 580 amaus.

286 601 393 673 Adde,
411 601 495 677 quod
510 599 659 676 ingenuas
675 601 823 662 didicisse
837 601 967 662 tideiiter
980 609 1060 662 artes

328 684 450 745 Emollit
465 700 583 759 mores,
599 699 657 744 uec
672 684 744 746 sinit
758 700 830 745 esse
848 686 941 746 ieros.

287 767 349 828 Nec
365 783 471 843 regum
486 767 650 844 quisquam
666 767 762 844 magis
778 775 826 829 est
840 767 1005 828 instructus
1020 768 1058 828 ab
1073 768 1140 842 iliis,

238 858 273 912 oo
328 851 451 913 Mitibus
466 860 518 913 aut
532 852 642 912 studiis
656 859 797 926 tempora
810 851 901 927 plura
916 851 1009 912 dedit.

288 935 428 995 Carmina
442 941 601 996 testantur.
633 951 728 1010 quae,
744 935 771 995 si
785 941 838 996 tua
846 935 975 1015 ‘nomina
989 935 1104 1008 demas,

329 1019 500 1080 Threicium
515 1019 658 1080 iuvenem
673 1019 891 1094 composuisse
905 1035 1025 1094 negem.

287 1102 371 1162 Neve
385 1102 444 1163 sub
459 1103 518 1163 hoc
532 1109 631 1163 tractu
646 1110 732 1163 vates
747 1105 826 1166 foret
839 1103 948 1166 unicus
964 1101 1113 1178 Orpheus,

329 1185 467 1246 Bistonis
482 1186 605 1262 iugenio
621 1194 701 1247 terra
716 1186 851 1263 superba
864 1193 916 1248 tuo
931 1193 988 1247 est.

236 1281 271 1340 55
284 1270 385 1345 thue
399 1269 452 1330 tibi
467 1278 515 1332 est
529 1272 663 1343 animus,
682 1286 751 1332 cum
769 1285 819 1330 res
835 1271 877 1330 ito
891 1269 1039 1346 postulat,
1055 1284 1133 1330 arma

331 1354 459 1415 Sumere
473 1362 503 1415 et
516 1354 618 1414 hostili
636 1355 752 1429 tingere
767 1354 862 1414 caede
876 1369 1008 1428 manum,

287 1441 389 1514 Atque
403 1445 437 1500 ut
451 1454 486 1500 es
501 1453 636 1499 excusso
650 1437 784 1498 iaculum
799 1445 943 1514 torquere
956 1440 1071 1498 lacerto

331 1523 477 1596 collaque
491 1522 608 1582 velocis
627 1520 752 1582 flectere
765 1522 876 1582 doctus
890 1521 972 1596 equi,

287 1607 439 1681 Tempora
453 1607 499 1666 sic
514 1606 585 1666 data
598 1614 669 1666 suni
683 1605 793 1666 studiis
808 1605 860 1666 ubi
875 1605 955 1666 iusta
969 1605 1112 1680 paternis,

235 1700 271 1755 tio
326 1695 429 1765 Atque
448 1690 513 1750 suis
529 1689 662 1749 numeris
678 1689 756 1749 sorte
771 1688 887 1765 quievit
901 1705 991 1764 opus,
1183 1697 1184 1700 ’

288 1774 332 1834 ite
347 1780 399 1834 tua
412 1781 603 1834 marcescunt
619 1788 676 1848 per
693 1772 797 1834 inertis
818 1774 880 1836 otia
895 1788 1033 1846 somnos,
1076 1837 1077 1841 ,
1183 1757 1184 1786 ’

330 1858 446 1919 Lucida
460 1857 558 1917 Pierio
573 1857 672 1918 tendis
688 1857 718 1917 in
733 1863 817 1918 astra
830 1859 891 1919 via.

288 1943 372 2002 Haec
389 1956 514 2017 quoque
528 1956 579 2001 res
594 1940 710 2014 aliquid
725 1948 825 2003 tecum
839 1941 911 2002 mihi
927 1939 1064 2002 foederis
1079 1937 1163 2000 affert

329 2026 477 2087 Eiusdem
492 2025 572 2084 socri
587 2025 686 2086 cultor
699 2032 829 2101 uterque
843 2041 958 2086 sumus.

238 2112 273 2166 65
288 2109 338 2168 Ad
355 2116 455 2168 vatem
469 2114 555 2168 votes
570 2109 689 2168 orantia
703 2109 829 2170 brachia
843 2110 945 2182 tendo,

329 2193 423 2251 Terra
437 2191 477 2250 sit
487 2192 587 2252 exitiis
604 2200 636 2252 ui
650 2198 703 2253 tua
716 2193 779 2254 flda
794 2193 880 2252 meis.

288 2276 355 2335 Non
370 2288 429 2350 ego
445 2274 541 2335 caede
555 2291 672 2337 nocens
687 2277 717 2336 iu
732 2276 818 2338 Ponti
833 2277 922 2338 litora
936 2275 1017 2348 veni,

330 2357 465 2419 Mixtave
478 2367 550 2420 sunt
563 2368 671 2422 nostra
684 2361 750 2421 dira
767 2376 887 2422 venena
903 2373 1007 2421 manu:

289 2444 352 2504 Nec
366 2459 435 2504 moa
450 2443 588 2506 subiecta
602 2445 743 2506 convicta
759 2452 807 2505 est
821 2460 941 2520 gemma
956 2441 1070 2504 tabella

236 2540 271 2598 70
326 2528 505 2589 Mendaccm
520 2530 590 2590 linis
605 2529 794 2606 imposuisse
807 2536 920 2591 notem.
957 2569 962 2580 ι

288 2613 352 2672 Nec
368 2613 547 2688 quicquam,
564 2615 649 2689 quod
663 2616 731 2689 lege
747 2620 833 2674 vetor
848 2611 1050 2686 committere,
1069 2612 1138 2674 feci:

330 2697 385 2756 Est
399 2702 499 2755 tamen
515 2696 563 2755 his
578 2697 703 2770 gravior
716 2713 799 2757 noxa
812 2696 937 2757 fatenda
951 2695 1035 2754 mihi.

288 2778 373 2838 Neve
387 2793 489 2853 rogeo,
505 2794 585 2854 quae
600 2780 649 2840 sit
665 2781 786 2841 stultam
803 2797 894 2856 quam
908 2779 1093 2854 scripsimus
1107 2780 1182 2848 aum

332 2863 484 2923 innocuas
500 2861 590 2923 nobis
605 2863 682 2925 haec
697 2871 779 2926 vetut
793 2880 865 2925 esse
879 2879 1000 2924 manus.

238 2955 273 3013 io
285 2944 406 3021 Ecquid
420 2953 580 3022 praeterea
595 2950 762 3024 peccarim,
779 2962 927 3024 quaerere
942 2947 1015 3022 noli,

329 3030 369 3090 Ut
382 3031 474 3092 lateat
488 3032 557 3092 sota
572 3034 663 3109 culpa
678 3033 735 3094 sub
751 3035 824 3092 Arte
840 3047 917 3092 meu.

288 3113 440 3190 Quicquid
454 3115 486 3176 id
500 3122 562 3191 est,
578 3116 683 3178 habuit
699 3117 887 3177 moderatum
902 3113 1033 3174 vindicis
1049 3113 1134 3187 iram

331 3197 386 3272 Qui
400 3198 459 3259 nisi
474 3202 605 3262 natatem
619 3201 660 3260 nil
675 3199 747 3260 mihi
762 3199 896 3276 dempsit
908 3198 1042 3260 humum

287 3283 353 3342 Hac
369 3283 512 3359 quoniam
527 3299 633 3358 careo,
649 3291 701 3345 tua
718 3298 801 3346 nunc
814 3283 927 3344 vicinia
941 3287 1089 3358 proestcu

236 3374 273 3429 80
328 3367 432 3428 inviso
448 3365 564 3443 possim
581 3374 662 3428 tutus
676 3377 711 3430 ut
725 3384 798 3430 esse
812 3367 891 3430 loco.
