2450 3932
342 269 372 346 1,
392 269 427 345 o,
449 233 639 346 rto-rna.
966 267 1005 332 ro

85 425 174 488 Saltus
188 423 227 486 ab
241 423 303 484 hac
317 431 398 485 terra
412 423 515 484 breris
531 431 578 484 est
591 426 744 502 Tempyra
759 421 886 500 petenti:

114 511 174 570 llac
189 507 348 570 dominum
363 514 451 568 tenus
466 514 514 568 est
528 507 579 566 illa
593 513 699 570 secuta
714 525 813 570 suum.

16 583 18 654 l
81 594 144 652 llam
157 592 230 652 mihi
244 592 402 654 Bistonios
418 591 532 666 placuit
545 593 625 666 pede
641 608 768 670 carpere
783 607 926 668 camposz

16 659 18 758 ξ
112 677 376 751 Hellespontiacas
391 676 441 736 illa
454 675 561 749 relegit
574 691 682 752 aquas,
975 745 979 754 ¹

16 779 18 844 t
45 759 319 836 ttbudaniamque
334 759 416 835 petit,
432 759 565 820 auctoris
580 775 690 821 nomen
705 759 876 833 habentem,

114 843 190 904 litte
204 844 349 918 ruricola,
364 844 543 919 Lampsaco,
558 849 622 904 tuta
638 845 706 919 deo,

16 951 18 1008 4
79 928 194 1002 Quaque
208 943 266 1003 per
280 935 427 1002 angustus
442 933 549 986 rectae
563 928 643 987 malo
658 927 784 1004 uirginis
800 926 899 986 undas

16 1011 17 1020 ’
111 1011 217 1072 Seston
233 1011 388 1090 Abydena
403 1017 528 1086 separat
542 1012 618 1071 urbe
632 1013 749 1086 fretum,

16 1143 17 1154 ,
79 1095 209 1170 llincque
221 1095 434 1171 Propontiacis
447 1095 622 1157 haerentem
638 1097 770 1175 Cyzicon
788 1095 859 1167 oris,

46 1186 72 1239 tu
117 1179 258 1257 Cyzicon,
273 1178 459 1238 Haemoniae
474 1178 577 1240 nobile
591 1183 689 1256 gentis
705 1195 793 1255 opus,

82 1261 196 1338 Quaque
210 1270 315 1324 tenent
328 1262 415 1324 Ponti
429 1263 580 1342 Byzantia
594 1254 683 1326 litora
696 1265 817 1325 fauces:

114 1345 166 1406 llio
179 1348 268 1407 locus
284 1354 333 1408 est
346 1347 457 1422 gemini
472 1347 563 1409 ianua
577 1357 665 1410 rasta
679 1350 781 1409 maris.

85 1429 165 1504 llaec,
180 1445 301 1505 precor,
319 1431 448 1506 evincat,
464 1428 676 1509 propulsaque
691 1432 814 1494 flatibus
831 1430 924 1491 austri

117 1513 259 1574 Transeat
273 1514 430 1577 instabiles
445 1521 571 1576 strenua
586 1517 726 1596 cyaneas

50 1604 75 1657 u
85 1597 334 1675 Thynniacosque
349 1599 445 1673 sinus,
461 1604 492 1658 et
506 1600 545 1659 ab
559 1601 608 1661 his
623 1616 679 1677 per
693 1598 844 1678 Apollinis
859 1599 965 1659 urbem

16 1739 17 1764 p
119 1682 186 1742 Alta
199 1682 259 1743 sub
273 1683 415 1743 Anchiali
429 1684 550 1743 moenia
565 1685 660 1744 findat
674 1684 740 1744 iter.

84 1765 148 1826 lude
160 1765 402 1827 Mesembriacos
418 1771 525 1842 portus
541 1774 571 1827 et
586 1766 727 1828 Odesson
743 1773 773 1827 et
787 1781 874 1826 arces

16 1849 18 1918 i
119 1849 292 1911 Praetereat
307 1850 404 1910 dietas
419 1851 550 1923 nomine,
565 1851 696 1925 Bacche,
712 1857 774 1925 tuo,

16 1919 18 2006 l
84 1931 115 1993 Et
127 1950 205 2009 quos
219 1933 362 1995 Alcathoi
379 1941 547 1995 memorant
561 1951 580 1994 a
594 1935 754 1995 moenibus
770 1941 854 1996 ortos

16 2021 18 2036 '
48 2022 73 2075 ta
118 2015 247 2078 Sedibus
262 2017 312 2078 his
327 2019 477 2094 profugos
493 2018 690 2080 constituisse
705 2021 794 2080 lares.

16 2167 18 2188 s
80 2103 103 2160 A
117 2101 225 2177 quihus
240 2102 384 2162 adveniat
396 2101 531 2162 Miletida
546 2117 658 2179 sospes
673 2102 712 2163 ad
728 2103 843 2175 urbem,

16 2221 18 2272 p
114 2183 226 2246 offensi
242 2202 305 2262 quo
320 2201 370 2246 me
385 2185 529 2260 compulit
542 2187 588 2246 ira
602 2187 661 2246 dei.

16 2289 18 2352 t
80 2269 155 2329 Hanc
169 2269 196 2330 si
212 2269 381 2345 contigerit,
397 2270 521 2330 meritae
537 2269 625 2330 cadet
640 2285 718 2346 agna
731 2269 903 2330 Minervaet

16 2359 18 2430 ζ
115 2353 180 2414 Νοιι
196 2354 269 2414 lacit
283 2354 322 2414 ad
338 2361 461 2415 nostras
475 2353 577 2415 hostia
591 2355 688 2415 maior
703 2369 790 2429 opes.

16 2475 17 2518 p
46 2443 70 2496 tt
80 2437 137 2496 Vos
150 2453 286 2514 quoquc,
293 2438 496 2516 Tyndaridae,
505 2453 583 2513 quos
595 2438 672 2498 haec
685 2439 756 2498 colit
766 2436 875 2512 insula,
886 2436 993 2497 tratres

16 2519 18 2582 t
108 2519 187 2596 hlite,
201 2537 323 2598 precor,
341 2521 454 2599 duplici
468 2537 579 2582 numen
595 2522 701 2582 adeste
715 2522 799 2581 riae!

16 2617 18 2688 ξ
81 2605 177 2664 Altera
190 2622 325 2681 namque
339 2611 427 2680 parat
445 2605 670 2685 Symplegadas
685 2605 728 2664 ire
744 2620 799 2680 per
813 2611 904 2680 artas,

16 2691 18 2770 t
113 2687 259 2749 Scindere
272 2689 427 2750 Bistonias
443 2691 537 2750 altera
551 2689 667 2764 puppis
682 2704 790 2765 aquas.

16 2771 18 2820 l
81 2773 138 2832 Vos
153 2773 253 2848 tacite,
268 2781 303 2834 ut
317 2780 435 2848 uentos,
450 2774 519 2834 loca
534 2789 602 2834 oum
617 2774 739 2834 diversa
754 2780 904 2848 petamus,

16 2837 20 2982 l
46 2863 72 2913 tt
115 2857 167 2916 llla
181 2871 258 2918 suos
272 2858 393 2933 habeat,
409 2873 466 2918 nec
481 2857 580 2917 minus
596 2855 646 2916 illa
662 2874 747 2918 suos,

17 2985 73 3078 ll·
82 2987 191 3086 Littera
206 3041 421 3103 quaecumque
436 3032 484 3087 est
498 3031 566 3086 toto
576 3025 629 3085 tibi
644 3026 722 3085 lecta
736 3023 849 3099 libello,

111 3111 164 3171 Est
178 3110 253 3170 mihi
267 3110 418 3171 sollicitae
432 3117 571 3186 tempore
586 3110 667 3169 tacta
680 3109 759 3169 viae.

78 3195 132 3255 Aut
144 3195 225 3255 hanc
240 3211 299 3268 me,
318 3193 421 3270 gelido
435 3201 596 3256 tremerem
612 3208 680 3253 curn
695 3207 802 3253 mense
815 3190 984 3265 Decembri,

116 3277 306 3340 Scribentem
321 3277 431 3340 mediis
445 3277 561 3339 Hadria
575 3277 650 3337 vidit
664 3279 753 3352 aquis
763 3291 784 3332 ε(

52 3363 134 3439 tAut,
149 3375 316 3441 postquam
329 3361 476 3423 bimarem
491 3377 582 3424 cursu
598 3360 810 3436 superavimus
825 3360 970 3427 Isthmon,

110 3449 279 3524 Alteraque
294 3453 343 3508 cst
357 3453 482 3508 nostrae
498 3453 621 3521 sumpta
636 3443 739 3506 carina
753 3444 855 3520 togae,

75 3531 154 3606 Quod
171 3532 308 3593 lacerem
323 3546 434 3592 uersus
449 3531 527 3592 inter
541 3532 607 3590 iera
621 3525 883 3650 murmuraponti,

16 3711 18 3762 l

16 3763 18 3814 l

16 3819 18 3880 l
