<?xml version="1.0" encoding="UTF-8"?>
<!DOCTYPE html PUBLIC "-//W3C//DTD XHTML 1.0 Transitional//EN"
    "http://www.w3.org/TR/xhtml1/DTD/xhtml1-transitional.dtd">
<html xmlns="http://www.w3.org/1999/xhtml" xml:lang="en" lang="en">
 <head>
  <title>
</title>
<meta http-equiv="Content-Type" content="text/html;charset=utf-8" />
  <meta name='ocr-system' content='tesseract 3.04.00' />
  <meta name='ocr-capabilities' content='ocr_page ocr_carea ocr_par ocr_line ocrx_word'/>
</head>
<body>
  <div class='ocr_page' id='page_1' title='image "./povidiusnaso00goog_0161.png"; bbox 0 0 2394 3940; ppageno 0'>
   <div class='ocr_carea' id='block_1_1' title="bbox 211 217 823 288">
    <p class='ocr_par' dir='ltr' id='par_1_1' title="bbox 211 217 823 288">
     <span class='ocr_line' id='line_1_1' title="bbox 211 217 823 288; baseline -0.013 0"><span class='ocrx_word' id='word_1_1' title='bbox 211 222 272 288; x_wconf 87' lang='lat'><strong>150</strong></span> <span class='ocrx_word' id='word_1_2' title='bbox 597 221 657 282; x_wconf 87' lang='lat' dir='ltr'><strong>EX</strong></span> <span class='ocrx_word' id='word_1_3' title='bbox 676 217 823 282; x_wconf 75' lang='lat' dir='ltr'><strong>Ponto</strong></span> 
     </span>
    </p>
   </div>
   <div class='ocr_carea' id='block_1_2' title="bbox 241 367 1185 2892">
    <p class='ocr_par' dir='ltr' id='par_1_2' title="bbox 241 367 1185 2892">
     <span class='ocr_line' id='line_1_2' title="bbox 293 367 1129 451; baseline -0.006 -16"><span class='ocrx_word' id='word_1_4' title='bbox 293 375 345 436; x_wconf 82' lang='lat' dir='ltr'><strong>Sia</strong></span> <span class='ocrx_word' id='word_1_5' title='bbox 361 388 452 450; x_wconf 90' lang='lat' dir='ltr'><strong>quem</strong></span> <span class='ocrx_word' id='word_1_6' title='bbox 468 373 534 434; x_wconf 88' lang='lat' dir='ltr'><strong>dira</strong></span> <span class='ocrx_word' id='word_1_7' title='bbox 552 373 605 434; x_wconf 89' lang='lat' dir='ltr'><strong>tibi</strong></span> <span class='ocrx_word' id='word_1_8' title='bbox 619 374 720 451; x_wconf 78' lang='lat' dir='ltr'><strong>rapuit</strong></span> <span class='ocrx_word' id='word_1_9' title='bbox 735 371 897 434; x_wconf 79' lang='lat' dir='ltr'>Germania</span> <span class='ocrx_word' id='word_1_10' title='bbox 911 371 1051 445; x_wconf 83' lang='lat' dir='ltr'>Drusum,</span> <span class='ocrx_word' id='word_1_11' title='bbox 1126 367 1129 372; x_wconf 82' lang='lat'>&#39;</span> 
     </span>
     <span class='ocr_line' id='line_1_3' title="bbox 335 455 920 535; baseline -0.007 -17"><span class='ocrx_word' id='word_1_12' title='bbox 335 457 409 518; x_wconf 89' lang='lat' dir='ltr'><strong>Pars</strong></span> <span class='ocrx_word' id='word_1_13' title='bbox 425 458 515 519; x_wconf 88' lang='lat' dir='ltr'><strong>luerit</strong></span> <span class='ocrx_word' id='word_1_14' title='bbox 530 465 635 535; x_wconf 86' lang='lat' dir='ltr'><strong>partus</strong></span> <span class='ocrx_word' id='word_1_15' title='bbox 650 459 719 519; x_wconf 87' lang='lat' dir='ltr'><strong>sola</strong></span> <span class='ocrx_word' id='word_1_16' title='bbox 735 457 854 519; x_wconf 86' lang='lat' dir='ltr'><strong>caduca</strong></span> <span class='ocrx_word' id='word_1_17' title='bbox 868 455 920 518; x_wconf 88' lang='lat' dir='ltr'><strong>tui.</strong></span> 
     </span>
     <span class='ocr_line' id='line_1_4' title="bbox 294 542 916 607; baseline -0.01 -1"><span class='ocrx_word' id='word_1_18' title='bbox 294 543 346 607; x_wconf 88' lang='lat' dir='ltr'><strong>Sic</strong></span> <span class='ocrx_word' id='word_1_19' title='bbox 365 542 418 602; x_wconf 89' lang='lat' dir='ltr'><strong>tibi</strong></span> <span class='ocrx_word' id='word_1_20' title='bbox 432 548 549 603; x_wconf 88' lang='lat' dir='ltr'><strong>maturo</strong></span> <span class='ocrx_word' id='word_1_21' title='bbox 565 542 689 604; x_wconf 81' lang='lat' dir='ltr'><strong>fraterni</strong></span> <span class='ocrx_word' id='word_1_22' title='bbox 705 542 820 602; x_wconf 81' lang='lat' dir='ltr'><strong>funeris</strong></span> <span class='ocrx_word' id='word_1_23' title='bbox 837 543 916 601; x_wconf 88' lang='lat' dir='ltr'><strong>ultor</strong></span> 
     </span>
     <span class='ocr_line' id='line_1_5' title="bbox 245 626 943 702; baseline -0.009 -13"><span class='ocrx_word' id='word_1_24' title='bbox 245 642 280 695; x_wconf 83' lang='lat'><strong>50</strong></span> <span class='ocrx_word' id='word_1_25' title='bbox 333 627 510 702; x_wconf 90' lang='lat' dir='ltr'><strong>Purpureus</strong></span> <span class='ocrx_word' id='word_1_26' title='bbox 525 627 622 688; x_wconf 90' lang='lat' dir='ltr'><strong>niveis</strong></span> <span class='ocrx_word' id='word_1_27' title='bbox 639 628 719 688; x_wconf 90' lang='lat' dir='ltr'><strong>lilius</strong></span> <span class='ocrx_word' id='word_1_28' title='bbox 737 626 828 687; x_wconf 87' lang='lat' dir='ltr'><strong>instet</strong></span> <span class='ocrx_word' id='word_1_29' title='bbox 845 626 943 700; x_wconf 86' lang='lat' dir='ltr'><strong>equis.</strong></span> 
     </span>
     <span class='ocr_line' id='line_1_6' title="bbox 293 709 1063 786; baseline -0.01 -12"><span class='ocrx_word' id='word_1_30' title='bbox 293 712 426 774; x_wconf 75' lang='lat' dir='ltr'>Adnuite</span> <span class='ocrx_word' id='word_1_31' title='bbox 442 718 476 772; x_wconf 84' lang='lat' dir='ltr'><strong>ot</strong></span> <span class='ocrx_word' id='word_1_32' title='bbox 496 711 625 786; x_wconf 90' lang='lat' dir='ltr'><strong>timidis,</strong></span> <span class='ocrx_word' id='word_1_33' title='bbox 641 710 802 772; x_wconf 88' lang='lat' dir='ltr'><strong>mitissima</strong></span> <span class='ocrx_word' id='word_1_34' title='bbox 816 709 955 782; x_wconf 90' lang='lat' dir='ltr'><strong>numina,</strong></span> <span class='ocrx_word' id='word_1_35' title='bbox 972 709 1063 770; x_wconf 88' lang='lat' dir='ltr'><strong>votis.</strong></span> 
     </span>
     <span class='ocr_line' id='line_1_7' title="bbox 333 793 991 871; baseline -0.012 -12"><span class='ocrx_word' id='word_1_36' title='bbox 333 795 510 858; x_wconf 89' lang='lat' dir='ltr'><strong>Praesentis</strong></span> <span class='ocrx_word' id='word_1_37' title='bbox 531 795 647 871; x_wconf 87' lang='lat' dir='ltr'><strong>aliquid</strong></span> <span class='ocrx_word' id='word_1_38' title='bbox 661 795 761 871; x_wconf 80' lang='lat' dir='ltr'><strong>prosit</strong></span> <span class='ocrx_word' id='word_1_39' title='bbox 774 794 888 854; x_wconf 86' lang='lat' dir='ltr'><strong>habere</strong></span> <span class='ocrx_word' id='word_1_40' title='bbox 903 793 991 855; x_wconf 90' lang='lat' dir='ltr'><strong>deos.</strong></span> 
     </span>
     <span class='ocr_line' id='line_1_8' title="bbox 294 879 952 955; baseline -0.008 -12"><span class='ocrx_word' id='word_1_41' title='bbox 294 879 434 943; x_wconf 80' lang='lat' dir='ltr'><strong>Caesaris</strong></span> <span class='ocrx_word' id='word_1_42' title='bbox 449 880 679 941; x_wconf 84' lang='lat' dir='ltr'><strong>adventutacla</strong></span> <span class='ocrx_word' id='word_1_43' title='bbox 692 879 844 955; x_wconf 74' lang='lat' dir='ltr'><strong>gladiator</strong></span> <span class='ocrx_word' id='word_1_44' title='bbox 858 893 952 938; x_wconf 90' lang='lat' dir='ltr'><strong>arena</strong></span> 
     </span>
     <span class='ocr_line' id='line_1_9' title="bbox 332 961 1114 1039; baseline -0.004 -15"><span class='ocrx_word' id='word_1_45' title='bbox 332 964 417 1039; x_wconf 82' lang='lat' dir='ltr'><strong>Exit,</strong></span> <span class='ocrx_word' id='word_1_46' title='bbox 435 969 465 1024; x_wconf 91' lang='lat' dir='ltr'><strong>et</strong></span> <span class='ocrx_word' id='word_1_47' title='bbox 479 964 623 1024; x_wconf 86' lang='lat' dir='ltr'><strong>auxilium</strong></span> <span class='ocrx_word' id='word_1_48' title='bbox 638 966 783 1025; x_wconf 86' lang='lat' dir='ltr'><strong>nonleve</strong></span> <span class='ocrx_word' id='word_1_49' title='bbox 797 961 1027 1024; x_wconf 89' lang='lat' dir='ltr'><strong>vulnushabet.</strong></span> <span class='ocrx_word' id='word_1_50' title='bbox 1106 991 1114 999; x_wconf 41' lang='grc' dir='ltr'><strong><em>ι</em></strong></span> 
     </span>
     <span class='ocr_line' id='line_1_10' title="bbox 245 1045 1185 1124; baseline -0.005 -14"><span class='ocrx_word' id='word_1_51' title='bbox 245 1057 278 1110; x_wconf 93' lang='grc'><strong>55</strong></span> <span class='ocrx_word' id='word_1_52' title='bbox 291 1050 354 1110; x_wconf 85' lang='grc' dir='ltr'><strong>Νοε</strong></span> <span class='ocrx_word' id='word_1_53' title='bbox 366 1064 499 1124; x_wconf 87' lang='lat' dir='ltr'><strong>quoque,</strong></span> <span class='ocrx_word' id='word_1_54' title='bbox 511 1055 622 1121; x_wconf 90' lang='lat' dir='ltr'><strong>vestra,</strong></span> <span class='ocrx_word' id='word_1_55' title='bbox 636 1049 726 1122; x_wconf 88' lang='lat' dir='ltr'><strong>iuvet,</strong></span> <span class='ocrx_word' id='word_1_56' title='bbox 740 1047 834 1124; x_wconf 88' lang='lat' dir='ltr'><strong>quod,</strong></span> <span class='ocrx_word' id='word_1_57' title='bbox 847 1047 992 1124; x_wconf 81' lang='lat' dir='ltr'><strong>qualicet,</strong></span> <span class='ocrx_word' id='word_1_58' title='bbox 1007 1045 1185 1106; x_wconf 88' lang='lat' dir='ltr'><strong>oravidemu</strong></span> 
     </span>
     <span class='ocr_line' id='line_1_11' title="bbox 335 1129 1072 1208; baseline -0.003 -17"><span class='ocrx_word' id='word_1_59' title='bbox 335 1133 449 1193; x_wconf 91' lang='lat' dir='ltr'><strong>lntrata</strong></span> <span class='ocrx_word' id='word_1_60' title='bbox 463 1139 511 1193; x_wconf 91' lang='lat' dir='ltr'><strong>est</strong></span> <span class='ocrx_word' id='word_1_61' title='bbox 525 1132 647 1208; x_wconf 84' lang='lat' dir='ltr'><strong>superis</strong></span> <span class='ocrx_word' id='word_1_62' title='bbox 664 1132 749 1208; x_wconf 91' lang='lat' dir='ltr'><strong>quod</strong></span> <span class='ocrx_word' id='word_1_63' title='bbox 764 1131 874 1193; x_wconf 90' lang='lat' dir='ltr'><strong>domus</strong></span> <span class='ocrx_word' id='word_1_64' title='bbox 888 1148 951 1192; x_wconf 90' lang='lat' dir='ltr'><strong>una</strong></span> <span class='ocrx_word' id='word_1_65' title='bbox 967 1129 1072 1191; x_wconf 88' lang='lat' dir='ltr'><strong>tribus.</strong></span> 
     </span>
     <span class='ocr_line' id='line_1_12' title="bbox 292 1214 1019 1292; baseline 0 -16"><span class='ocrx_word' id='word_1_66' title='bbox 292 1216 410 1276; x_wconf 82' lang='lat' dir='ltr'><strong>Felices</strong></span> <span class='ocrx_word' id='word_1_67' title='bbox 425 1214 483 1290; x_wconf 91' lang='lat' dir='ltr'><strong>illi,</strong></span> <span class='ocrx_word' id='word_1_68' title='bbox 502 1217 632 1291; x_wconf 91' lang='lat' dir='ltr'><strong>quinon</strong></span> <span class='ocrx_word' id='word_1_69' title='bbox 647 1216 825 1289; x_wconf 89' lang='lat' dir='ltr'><strong>simulacra,</strong></span> <span class='ocrx_word' id='word_1_70' title='bbox 845 1217 901 1276; x_wconf 90' lang='lat' dir='ltr'><strong>sed</strong></span> <span class='ocrx_word' id='word_1_71' title='bbox 920 1215 1019 1292; x_wconf 75' lang='lat' dir='ltr'><strong>ipsos</strong></span> 
     </span>
     <span class='ocr_line' id='line_1_13' title="bbox 335 1299 1053 1377; baseline -0.004 -18"><span class='ocrx_word' id='word_1_72' title='bbox 335 1299 453 1374; x_wconf 85' lang='lat' dir='ltr'><strong>Quique</strong></span> <span class='ocrx_word' id='word_1_73' title='bbox 471 1299 561 1359; x_wconf 90' lang='lat' dir='ltr'><strong>deum</strong></span> <span class='ocrx_word' id='word_1_74' title='bbox 577 1315 681 1361; x_wconf 88' lang='lat' dir='ltr'><strong>coram</strong></span> <span class='ocrx_word' id='word_1_75' title='bbox 698 1315 831 1377; x_wconf 89' lang='lat' dir='ltr'><strong>corpora</strong></span> <span class='ocrx_word' id='word_1_76' title='bbox 845 1315 919 1360; x_wconf 90' lang='lat' dir='ltr'><strong>vera</strong></span> <span class='ocrx_word' id='word_1_77' title='bbox 937 1301 1053 1360; x_wconf 90' lang='lat' dir='ltr'><strong>vident.</strong></span> 
     </span>
     <span class='ocr_line' id='line_1_14' title="bbox 295 1383 1012 1458; baseline -0.001 -13"><span class='ocrx_word' id='word_1_78' title='bbox 295 1383 383 1457; x_wconf 84' lang='lat' dir='ltr'><strong>Quod</strong></span> <span class='ocrx_word' id='word_1_79' title='bbox 399 1383 544 1458; x_wconf 92' lang='lat' dir='ltr'><strong>quoniam</strong></span> <span class='ocrx_word' id='word_1_80' title='bbox 558 1383 648 1446; x_wconf 91' lang='lat' dir='ltr'><strong>nobis</strong></span> <span class='ocrx_word' id='word_1_81' title='bbox 662 1384 771 1445; x_wconf 89' lang='lat' dir='ltr'><strong>invidit</strong></span> <span class='ocrx_word' id='word_1_82' title='bbox 789 1384 895 1445; x_wconf 93' lang='lat' dir='ltr'><strong>inutile</strong></span> <span class='ocrx_word' id='word_1_83' title='bbox 909 1385 1012 1458; x_wconf 86' lang='lat' dir='ltr'><strong>iatum,</strong></span> 
     </span>
     <span class='ocr_line' id='line_1_15' title="bbox 244 1467 1018 1544; baseline 0 -18"><span class='ocrx_word' id='word_1_84' title='bbox 244 1471 278 1526; x_wconf 86' lang='lat'><strong>60</strong></span> <span class='ocrx_word' id='word_1_85' title='bbox 333 1467 417 1542; x_wconf 84' lang='lat' dir='ltr'><strong>Quos</strong></span> <span class='ocrx_word' id='word_1_86' title='bbox 434 1467 518 1528; x_wconf 86' lang='lat' dir='ltr'><strong>dedit</strong></span> <span class='ocrx_word' id='word_1_87' title='bbox 532 1484 598 1540; x_wconf 89' lang='lat' dir='ltr'><strong>ars,</strong></span> <span class='ocrx_word' id='word_1_88' title='bbox 613 1468 716 1530; x_wconf 88' lang='lat' dir='ltr'><strong>vultus</strong></span> <span class='ocrx_word' id='word_1_89' title='bbox 730 1469 924 1544; x_wconf 83' lang='lat' dir='ltr'><strong>effigiemque</strong></span> <span class='ocrx_word' id='word_1_90' title='bbox 939 1470 1018 1532; x_wconf 87' lang='lat' dir='ltr'><strong>eolo.</strong></span> 
     </span>
     <span class='ocr_line' id='line_1_16' title="bbox 294 1550 1090 1628; baseline 0.003 -16"><span class='ocrx_word' id='word_1_91' title='bbox 294 1550 345 1612; x_wconf 89' lang='lat' dir='ltr'><strong>Sic</strong></span> <span class='ocrx_word' id='word_1_92' title='bbox 360 1552 499 1616; x_wconf 87' lang='lat' dir='ltr'><strong>homines</strong></span> <span class='ocrx_word' id='word_1_93' title='bbox 514 1567 629 1613; x_wconf 87' lang='lat' dir='ltr'><strong>novere</strong></span> <span class='ocrx_word' id='word_1_94' title='bbox 644 1553 737 1626; x_wconf 89' lang='lat' dir='ltr'><strong>deos,</strong></span> <span class='ocrx_word' id='word_1_95' title='bbox 757 1569 836 1628; x_wconf 86' lang='lat' dir='ltr'><strong>quos</strong></span> <span class='ocrx_word' id='word_1_96' title='bbox 855 1553 970 1614; x_wconf 90' lang='lat' dir='ltr'><strong>arduus</strong></span> <span class='ocrx_word' id='word_1_97' title='bbox 987 1554 1090 1616; x_wconf 85' lang='lat' dir='ltr'><strong>aether</strong></span> 
     </span>
     <span class='ocr_line' id='line_1_17' title="bbox 334 1636 1014 1712; baseline 0.001 -15"><span class='ocrx_word' id='word_1_98' title='bbox 334 1637 462 1712; x_wconf 88' lang='lat' dir='ltr'><strong>Occulit,</strong></span> <span class='ocrx_word' id='word_1_99' title='bbox 478 1643 508 1697; x_wconf 90' lang='lat' dir='ltr'><strong>et</strong></span> <span class='ocrx_word' id='word_1_100' title='bbox 523 1636 631 1699; x_wconf 88' lang='lat' dir='ltr'><strong>colitur</strong></span> <span class='ocrx_word' id='word_1_101' title='bbox 648 1652 706 1712; x_wconf 91' lang='lat' dir='ltr'><strong>pro</strong></span> <span class='ocrx_word' id='word_1_102' title='bbox 721 1638 795 1698; x_wconf 81' lang='lat' dir='ltr'><strong>love</strong></span> <span class='ocrx_word' id='word_1_103' title='bbox 810 1639 909 1698; x_wconf 88' lang='lat' dir='ltr'><strong>lorma</strong></span> <span class='ocrx_word' id='word_1_104' title='bbox 922 1638 1014 1698; x_wconf 91' lang='lat' dir='ltr'><strong>lovis.</strong></span> 
     </span>
     <span class='ocr_line' id='line_1_18' title="bbox 292 1720 1154 1799; baseline -0.002 -17"><span class='ocrx_word' id='word_1_105' title='bbox 292 1722 445 1797; x_wconf 90' lang='lat' dir='ltr'><strong>Denique,</strong></span> <span class='ocrx_word' id='word_1_106' title='bbox 466 1738 546 1799; x_wconf 88' lang='lat' dir='ltr'><strong>quae</strong></span> <span class='ocrx_word' id='word_1_107' title='bbox 559 1736 678 1783; x_wconf 86' lang='lat' dir='ltr'><strong>mecum</strong></span> <span class='ocrx_word' id='word_1_108' title='bbox 693 1728 740 1783; x_wconf 89' lang='lat' dir='ltr'><strong>est</strong></span> <span class='ocrx_word' id='word_1_109' title='bbox 755 1720 856 1782; x_wconf 84' lang='lat' dir='ltr'><strong>eterit</strong></span> <span class='ocrx_word' id='word_1_110' title='bbox 871 1721 939 1782; x_wconf 87' lang='lat' dir='ltr'><strong>sine</strong></span> <span class='ocrx_word' id='word_1_111' title='bbox 954 1723 1029 1798; x_wconf 89' lang='lat' dir='ltr'><strong>line,</strong></span> <span class='ocrx_word' id='word_1_112' title='bbox 1046 1729 1154 1794; x_wconf 80' lang='lat' dir='ltr'><strong>carate,</strong></span> 
     </span>
     <span class='ocr_line' id='line_1_19' title="bbox 334 1805 919 1882; baseline -0.003 -16"><span class='ocrx_word' id='word_1_113' title='bbox 334 1805 378 1867; x_wconf 90' lang='lat' dir='ltr'><strong>Ne</strong></span> <span class='ocrx_word' id='word_1_114' title='bbox 393 1806 432 1867; x_wconf 93' lang='lat' dir='ltr'><strong>sit</strong></span> <span class='ocrx_word' id='word_1_115' title='bbox 447 1805 478 1866; x_wconf 93' lang='lat' dir='ltr'><strong>in</strong></span> <span class='ocrx_word' id='word_1_116' title='bbox 493 1807 596 1867; x_wconf 91' lang='lat' dir='ltr'><strong>inviso.</strong></span> <span class='ocrx_word' id='word_1_117' title='bbox 610 1812 713 1868; x_wconf 85' lang='lat' dir='ltr'><strong>vestra</strong></span> <span class='ocrx_word' id='word_1_118' title='bbox 726 1807 826 1882; x_wconf 79' lang='lat' dir='ltr'><strong>ligura</strong></span> <span class='ocrx_word' id='word_1_119' title='bbox 840 1807 919 1867; x_wconf 89' lang='lat' dir='ltr'><strong>loco.</strong></span> 
     </span>
     <span class='ocr_line' id='line_1_20' title="bbox 245 1890 1013 1967; baseline -0.008 -11"><span class='ocrx_word' id='word_1_120' title='bbox 245 1903 278 1958; x_wconf 86' lang='lat'><strong>65</strong></span> <span class='ocrx_word' id='word_1_121' title='bbox 292 1890 368 1950; x_wconf 87' lang='lat' dir='ltr'><strong>Nam</strong></span> <span class='ocrx_word' id='word_1_122' title='bbox 384 1898 477 1967; x_wconf 92' lang='lat' dir='ltr'><strong>caput</strong></span> <span class='ocrx_word' id='word_1_123' title='bbox 490 1907 508 1950; x_wconf 91' lang='lat' dir='ltr'><strong>e</strong></span> <span class='ocrx_word' id='word_1_124' title='bbox 522 1897 628 1951; x_wconf 89' lang='lat' dir='ltr'><strong>nostra</strong></span> <span class='ocrx_word' id='word_1_125' title='bbox 642 1890 731 1952; x_wconf 89' lang='lat' dir='ltr'><strong>eilias</strong></span> <span class='ocrx_word' id='word_1_126' title='bbox 746 1890 867 1952; x_wconf 84' lang='lat' dir='ltr'><strong>cervice</strong></span> <span class='ocrx_word' id='word_1_127' title='bbox 881 1891 1013 1966; x_wconf 83' lang='lat' dir='ltr'><strong>recedet,</strong></span> 
     </span>
     <span class='ocr_line' id='line_1_21' title="bbox 333 1975 922 2052; baseline 0.002 -17"><span class='ocrx_word' id='word_1_128' title='bbox 333 1975 371 2035; x_wconf 85' lang='lat' dir='ltr'><strong>Et</strong></span> <span class='ocrx_word' id='word_1_129' title='bbox 386 1977 484 2052; x_wconf 86' lang='lat' dir='ltr'><strong>patiar</strong></span> <span class='ocrx_word' id='word_1_130' title='bbox 498 1975 592 2036; x_wconf 80' lang='lat' dir='ltr'><strong>fossis</strong></span> <span class='ocrx_word' id='word_1_131' title='bbox 608 1977 710 2036; x_wconf 91' lang='lat' dir='ltr'><strong>lumen</strong></span> <span class='ocrx_word' id='word_1_132' title='bbox 727 1975 811 2036; x_wconf 89' lang='lat' dir='ltr'><strong>abire</strong></span> <span class='ocrx_word' id='word_1_133' title='bbox 825 1976 922 2051; x_wconf 81' lang='lat' dir='ltr'><strong>genis,</strong></span> 
     </span>
     <span class='ocr_line' id='line_1_22' title="bbox 294 2057 1110 2136; baseline -0.002 -16"><span class='ocrx_word' id='word_1_134' title='bbox 294 2059 387 2132; x_wconf 80' lang='lat' dir='ltr'><strong>Quam</strong></span> <span class='ocrx_word' id='word_1_135' title='bbox 405 2075 525 2120; x_wconf 85' lang='lat' dir='ltr'><strong>caream</strong></span> <span class='ocrx_word' id='word_1_136' title='bbox 538 2060 650 2134; x_wconf 84' lang='lat' dir='ltr'><strong>raptis,</strong></span> <span class='ocrx_word' id='word_1_137' title='bbox 671 2057 828 2136; x_wconf 88' lang='lat' dir='ltr'><strong>opublica</strong></span> <span class='ocrx_word' id='word_1_138' title='bbox 841 2059 981 2121; x_wconf 88' lang='lat' dir='ltr'><strong>numina!</strong></span> <span class='ocrx_word' id='word_1_139' title='bbox 1011 2059 1110 2120; x_wconf 86' lang='lat' dir='ltr'><strong>vobis.</strong></span> 
     </span>
     <span class='ocr_line' id='line_1_23' title="bbox 335 2143 994 2220; baseline 0.002 -19"><span class='ocrx_word' id='word_1_140' title='bbox 335 2143 401 2203; x_wconf 90' lang='lat' dir='ltr'><strong>Vos</strong></span> <span class='ocrx_word' id='word_1_141' title='bbox 417 2143 500 2203; x_wconf 90' lang='lat' dir='ltr'><strong>eritis</strong></span> <span class='ocrx_word' id='word_1_142' title='bbox 515 2150 639 2203; x_wconf 90' lang='lat' dir='ltr'><strong>nostrae</strong></span> <span class='ocrx_word' id='word_1_143' title='bbox 655 2150 762 2220; x_wconf 91' lang='lat' dir='ltr'><strong>portus</strong></span> <span class='ocrx_word' id='word_1_144' title='bbox 778 2151 808 2204; x_wconf 94' lang='lat' dir='ltr'><strong>et</strong></span> <span class='ocrx_word' id='word_1_145' title='bbox 824 2160 877 2204; x_wconf 86' lang='lat' dir='ltr'><strong>ara</strong></span> <span class='ocrx_word' id='word_1_146' title='bbox 892 2146 994 2220; x_wconf 84' lang='lat' dir='ltr'><strong>fugae.</strong></span> 
     </span>
     <span class='ocr_line' id='line_1_24' title="bbox 292 2227 1119 2304; baseline 0.004 -18"><span class='ocrx_word' id='word_1_147' title='bbox 292 2227 359 2287; x_wconf 89' lang='lat' dir='ltr'><strong>Vos</strong></span> <span class='ocrx_word' id='word_1_148' title='bbox 376 2241 433 2302; x_wconf 79' lang='lat' dir='ltr'><strong>ego</strong></span> <span class='ocrx_word' id='word_1_149' title='bbox 449 2229 649 2304; x_wconf 86' lang='lat' dir='ltr'><strong>complectar,</strong></span> <span class='ocrx_word' id='word_1_150' title='bbox 666 2227 780 2290; x_wconf 88' lang='lat' dir='ltr'><strong>Geticis</strong></span> <span class='ocrx_word' id='word_1_151' title='bbox 796 2228 822 2288; x_wconf 94' lang='lat' dir='ltr'><strong>si</strong></span> <span class='ocrx_word' id='word_1_152' title='bbox 839 2228 945 2304; x_wconf 79' lang='lat' dir='ltr'><strong>cingar</strong></span> <span class='ocrx_word' id='word_1_153' title='bbox 964 2228 1003 2288; x_wconf 88' lang='lat' dir='ltr'><strong>ab</strong></span> <span class='ocrx_word' id='word_1_154' title='bbox 1018 2228 1119 2300; x_wconf 78' lang='lat' dir='ltr'><strong>annia,</strong></span> 
     </span>
     <span class='ocr_line' id='line_1_25' title="bbox 242 2311 1083 2388; baseline -0.006 -12"><span class='ocrx_word' id='word_1_155' title='bbox 242 2318 277 2376; x_wconf 80' lang='lat'><strong>70</strong></span> <span class='ocrx_word' id='word_1_156' title='bbox 332 2311 433 2388; x_wconf 88' lang='lat' dir='ltr'><strong>thue</strong></span> <span class='ocrx_word' id='word_1_157' title='bbox 447 2326 531 2373; x_wconf 87' lang='lat' dir='ltr'><strong>meas</strong></span> <span class='ocrx_word' id='word_1_158' title='bbox 547 2313 682 2388; x_wconf 88' lang='lat' dir='ltr'><strong>aquilas,</strong></span> <span class='ocrx_word' id='word_1_159' title='bbox 698 2329 756 2374; x_wconf 92' lang='lat' dir='ltr'><strong>vos</strong></span> <span class='ocrx_word' id='word_1_160' title='bbox 771 2328 841 2372; x_wconf 90' lang='lat' dir='ltr'><strong>mea</strong></span> <span class='ocrx_word' id='word_1_161' title='bbox 855 2313 944 2388; x_wconf 85' lang='lat' dir='ltr'><strong>signa</strong></span> <span class='ocrx_word' id='word_1_162' title='bbox 958 2328 1083 2388; x_wconf 86' lang='lat' dir='ltr'><strong>sequar.</strong></span> 
     </span>
     <span class='ocr_line' id='line_1_26' title="bbox 291 2397 1037 2473; baseline 0 -17"><span class='ocrx_word' id='word_1_163' title='bbox 291 2397 354 2459; x_wconf 82' lang='lat' dir='ltr'><strong>Aut</strong></span> <span class='ocrx_word' id='word_1_164' title='bbox 369 2413 425 2472; x_wconf 80' lang='lat' dir='ltr'><strong>ego</strong></span> <span class='ocrx_word' id='word_1_165' title='bbox 442 2413 490 2457; x_wconf 94' lang='lat' dir='ltr'><strong>me</strong></span> <span class='ocrx_word' id='word_1_166' title='bbox 505 2397 592 2473; x_wconf 91' lang='lat' dir='ltr'><strong>lallo,</strong></span> <span class='ocrx_word' id='word_1_167' title='bbox 608 2397 763 2472; x_wconf 89' lang='lat' dir='ltr'><strong>nimiaque</strong></span> <span class='ocrx_word' id='word_1_168' title='bbox 778 2397 922 2473; x_wconf 86' lang='lat' dir='ltr'><strong>cupidine</strong></span> <span class='ocrx_word' id='word_1_169' title='bbox 936 2397 1037 2472; x_wconf 90' lang='lat' dir='ltr'><strong>ludor,</strong></span> 
     </span>
     <span class='ocr_line' id='line_1_27' title="bbox 333 2481 930 2560; baseline -0.002 -19"><span class='ocrx_word' id='word_1_170' title='bbox 333 2484 395 2544; x_wconf 88' lang='lat' dir='ltr'><strong>Aut</strong></span> <span class='ocrx_word' id='word_1_171' title='bbox 410 2497 483 2560; x_wconf 89' lang='lat' dir='ltr'><strong>spes</strong></span> <span class='ocrx_word' id='word_1_172' title='bbox 500 2481 583 2543; x_wconf 85' lang='lat' dir='ltr'><strong>exilii</strong></span> <span class='ocrx_word' id='word_1_173' title='bbox 598 2481 816 2542; x_wconf 87' lang='lat' dir='ltr'><strong>commodioris</strong></span> <span class='ocrx_word' id='word_1_174' title='bbox 832 2482 930 2542; x_wconf 87' lang='lat' dir='ltr'><strong>adest.</strong></span> 
     </span>
     <span class='ocr_line' id='line_1_28' title="bbox 290 2565 1123 2641; baseline 0.004 -15"><span class='ocrx_word' id='word_1_175' title='bbox 290 2566 367 2627; x_wconf 88' lang='lat' dir='ltr'><strong>Nam</strong></span> <span class='ocrx_word' id='word_1_176' title='bbox 382 2567 480 2628; x_wconf 90' lang='lat' dir='ltr'><strong>minus</strong></span> <span class='ocrx_word' id='word_1_177' title='bbox 496 2574 525 2628; x_wconf 91' lang='lat' dir='ltr'><strong>et</strong></span> <span class='ocrx_word' id='word_1_178' title='bbox 538 2567 638 2627; x_wconf 91' lang='lat' dir='ltr'><strong>minus</strong></span> <span class='ocrx_word' id='word_1_179' title='bbox 655 2572 702 2627; x_wconf 88' lang='lat' dir='ltr'><strong>est</strong></span> <span class='ocrx_word' id='word_1_180' title='bbox 718 2565 811 2626; x_wconf 85' lang='lat' dir='ltr'><strong>iacies</strong></span> <span class='ocrx_word' id='word_1_181' title='bbox 827 2565 857 2624; x_wconf 92' lang='lat' dir='ltr'><strong>in</strong></span> <span class='ocrx_word' id='word_1_182' title='bbox 873 2565 1004 2641; x_wconf 82' lang='lat' dir='ltr'><strong>imagine</strong></span> <span class='ocrx_word' id='word_1_183' title='bbox 1019 2566 1123 2630; x_wconf 87' lang='lat' dir='ltr'><strong>tristis.</strong></span> 
     </span>
     <span class='ocr_line' id='line_1_29' title="bbox 331 2649 986 2724; baseline -0.002 -15"><span class='ocrx_word' id='word_1_184' title='bbox 331 2650 470 2724; x_wconf 87' lang='lat' dir='ltr'><strong>Visaque</strong></span> <span class='ocrx_word' id='word_1_185' title='bbox 490 2656 560 2711; x_wconf 88' lang='lat' dir='ltr'><strong>sunt</strong></span> <span class='ocrx_word' id='word_1_186' title='bbox 575 2649 664 2712; x_wconf 91' lang='lat' dir='ltr'><strong>dictis</strong></span> <span class='ocrx_word' id='word_1_187' title='bbox 680 2649 815 2711; x_wconf 90' lang='lat' dir='ltr'><strong>adnuere</strong></span> <span class='ocrx_word' id='word_1_188' title='bbox 830 2665 886 2710; x_wconf 92' lang='lat' dir='ltr'><strong>ora</strong></span> <span class='ocrx_word' id='word_1_189' title='bbox 900 2649 986 2709; x_wconf 90' lang='lat' dir='ltr'><strong>meis.</strong></span> 
     </span>
     <span class='ocr_line' id='line_1_30' title="bbox 241 2730 1046 2810; baseline 0.001 -19"><span class='ocrx_word' id='word_1_190' title='bbox 241 2730 275 2792; x_wconf 81' lang='grc'><strong>75</strong></span> <span class='ocrx_word' id='word_1_191' title='bbox 289 2734 373 2794; x_wconf 90' lang='lat' dir='ltr'><strong>Vera</strong></span> <span class='ocrx_word' id='word_1_192' title='bbox 390 2747 500 2809; x_wconf 87' lang='lat' dir='ltr'><strong>precor</strong></span> <span class='ocrx_word' id='word_1_193' title='bbox 514 2732 588 2792; x_wconf 90' lang='lat' dir='ltr'><strong>fiant</strong></span> <span class='ocrx_word' id='word_1_194' title='bbox 603 2733 725 2794; x_wconf 86' lang='lat' dir='ltr'><strong>timidae</strong></span> <span class='ocrx_word' id='word_1_195' title='bbox 742 2735 905 2810; x_wconf 79' lang='lat' dir='ltr'><strong>praesagia</strong></span> <span class='ocrx_word' id='word_1_196' title='bbox 920 2734 1046 2794; x_wconf 75' lang='lat' dir='ltr'><strong>meotis:</strong></span> 
     </span>
     <span class='ocr_line' id='line_1_31' title="bbox 332 2817 1015 2892; baseline -0.001 -15"><span class='ocrx_word' id='word_1_197' title='bbox 332 2818 477 2891; x_wconf 85' lang='lat' dir='ltr'><strong>lustaque</strong></span> <span class='ocrx_word' id='word_1_198' title='bbox 492 2819 632 2891; x_wconf 88' lang='lat' dir='ltr'><strong>quamvis</strong></span> <span class='ocrx_word' id='word_1_199' title='bbox 648 2824 710 2892; x_wconf 89' lang='lat' dir='ltr'><strong>est,</strong></span> <span class='ocrx_word' id='word_1_200' title='bbox 728 2820 768 2879; x_wconf 92' lang='lat' dir='ltr'><strong>sit</strong></span> <span class='ocrx_word' id='word_1_201' title='bbox 782 2818 881 2880; x_wconf 90' lang='lat' dir='ltr'><strong>minor</strong></span> <span class='ocrx_word' id='word_1_202' title='bbox 896 2818 942 2878; x_wconf 91' lang='lat' dir='ltr'><strong>ira</strong></span> <span class='ocrx_word' id='word_1_203' title='bbox 957 2817 1015 2879; x_wconf 88' lang='lat' dir='ltr'><strong>dei.</strong></span> 
     </span>
    </p>
   </div>
   <div class='ocr_carea' id='block_1_3' title="bbox 614 2963 819 2972">
    <p class='ocr_par' dir='ltr' id='par_1_3' title="bbox 614 2963 819 2972">
     <span class='ocr_line' id='line_1_32' title="bbox 614 2963 819 2972; baseline 0 0"><span class='ocrx_word' id='word_1_204' title='bbox 614 2963 819 2972; x_wconf 46' lang='lat' dir='ltr'><strong>-u———a</strong></span> 
     </span>
    </p>
   </div>
   <div class='ocr_carea' id='block_1_4' title="bbox 238 2999 612 3102">
    <p class='ocr_par' dir='ltr' id='par_1_4' title="bbox 238 2999 612 3102">
     <span class='ocr_line' id='line_1_33' title="bbox 238 2999 612 3102; baseline 0.003 -2"><span class='ocrx_word' id='word_1_205' title='bbox 238 2999 264 3092; x_wconf 78' lang='grc'>9</span> <span class='ocrx_word' id='word_1_206' title='bbox 337 3039 471 3102; x_wconf 79' lang='lat' dir='ltr'><strong>corui</strong></span> <span class='ocrx_word' id='word_1_207' title='bbox 493 3041 612 3102; x_wconf 82' lang='lat' dir='ltr'><strong>uuor.</strong></span> 
     </span>
    </p>
   </div>
   <div class='ocr_carea' id='block_1_5' title="bbox 260 3119 1091 3624">
    <p class='ocr_par' dir='ltr' id='par_1_5' title="bbox 260 3119 1091 3624">
     <span class='ocr_line' id='line_1_34' title="bbox 291 3119 935 3237; baseline 0.006 -21"><span class='ocrx_word' id='word_1_208' title='bbox 291 3119 395 3234; x_wconf 78' lang='lat' dir='ltr'><strong>Regia</strong></span> <span class='ocrx_word' id='word_1_209' title='bbox 410 3161 587 3237; x_wconf 81' lang='lat' dir='ltr'><strong>progenies,</strong></span> <span class='ocrx_word' id='word_1_210' title='bbox 603 3161 653 3224; x_wconf 87' lang='lat' dir='ltr'><strong>eui</strong></span> <span class='ocrx_word' id='word_1_211' title='bbox 667 3159 832 3222; x_wconf 87' lang='lat' dir='ltr'><strong>nobilitatis</strong></span> <span class='ocrx_word' id='word_1_212' title='bbox 849 3158 935 3234; x_wconf 83' lang='lat' dir='ltr'><strong>origo</strong></span> 
     </span>
     <span class='ocr_line' id='line_1_35' title="bbox 263 3241 1044 3323; baseline -0.004 -21"><span class='ocrx_word' id='word_1_213' title='bbox 263 3287 269 3293; x_wconf 88' lang='lat'>.</span> <span class='ocrx_word' id='word_1_214' title='bbox 330 3241 446 3304; x_wconf 90' lang='lat' dir='ltr'><strong>Nomen</strong></span> <span class='ocrx_word' id='word_1_215' title='bbox 465 3245 494 3304; x_wconf 91' lang='lat' dir='ltr'><strong>in</strong></span> <span class='ocrx_word' id='word_1_216' title='bbox 508 3243 649 3323; x_wconf 81' lang='lat' dir='ltr'><strong>Eumolpi</strong></span> <span class='ocrx_word' id='word_1_217' title='bbox 665 3245 805 3322; x_wconf 90' lang='lat' dir='ltr'><strong>pervenit</strong></span> <span class='ocrx_word' id='word_1_218' title='bbox 819 3258 933 3320; x_wconf 87' lang='lat' dir='ltr'><strong>usquc,</strong></span> <span class='ocrx_word' id='word_1_219' title='bbox 951 3242 1044 3317; x_wconf 84' lang='lat' dir='ltr'><strong>Coty!</strong></span> 
     </span>
     <span class='ocr_line' id='line_1_36' title="bbox 287 3325 1091 3405; baseline -0.004 -17"><span class='ocrx_word' id='word_1_220' title='bbox 287 3326 380 3388; x_wconf 83' lang='lat' dir='ltr'><strong>Fama</strong></span> <span class='ocrx_word' id='word_1_221' title='bbox 394 3327 510 3404; x_wconf 84' lang='lat' dir='ltr'><strong>loquax</strong></span> <span class='ocrx_word' id='word_1_222' title='bbox 524 3337 645 3391; x_wconf 86' lang='lat' dir='ltr'><strong>vestras</strong></span> <span class='ocrx_word' id='word_1_223' title='bbox 658 3331 684 3390; x_wconf 91' lang='lat' dir='ltr'><strong>si</strong></span> <span class='ocrx_word' id='word_1_224' title='bbox 700 3330 760 3388; x_wconf 88' lang='lat' dir='ltr'><strong>iam</strong></span> <span class='ocrx_word' id='word_1_225' title='bbox 772 3327 913 3405; x_wconf 89' lang='lat' dir='ltr'><strong>pervenit</strong></span> <span class='ocrx_word' id='word_1_226' title='bbox 928 3325 967 3386; x_wconf 88' lang='lat' dir='ltr'><strong>ad</strong></span> <span class='ocrx_word' id='word_1_227' title='bbox 983 3341 1091 3399; x_wconf 87' lang='lat' dir='ltr'><strong>aures,</strong></span> 
     </span>
     <span class='ocr_line' id='line_1_37' title="bbox 327 3411 883 3488; baseline -0.009 -16"><span class='ocrx_word' id='word_1_228' title='bbox 327 3411 376 3473; x_wconf 85' lang='lat' dir='ltr'><strong>lde</strong></span> <span class='ocrx_word' id='word_1_229' title='bbox 390 3411 445 3472; x_wconf 91' lang='lat' dir='ltr'><strong>tibi</strong></span> <span class='ocrx_word' id='word_1_230' title='bbox 460 3411 577 3473; x_wconf 90' lang='lat' dir='ltr'><strong>linitinri</strong></span> <span class='ocrx_word' id='word_1_231' title='bbox 592 3419 678 3488; x_wconf 91' lang='lat' dir='ltr'><strong>parte</strong></span> <span class='ocrx_word' id='word_1_232' title='bbox 693 3413 794 3473; x_wconf 88' lang='lat' dir='ltr'><strong>iacere</strong></span> <span class='ocrx_word' id='word_1_233' title='bbox 809 3413 883 3474; x_wconf 79' lang='lat' dir='ltr'><strong>soli:</strong></span> 
     </span>
     <span class='ocr_line' id='line_1_38' title="bbox 260 3495 1075 3575; baseline -0.006 -19"><span class='ocrx_word' id='word_1_234' title='bbox 260 3503 276 3556; x_wconf 94' lang='grc'><strong>5</strong></span> <span class='ocrx_word' id='word_1_235' title='bbox 290 3495 444 3575; x_wconf 88' lang='lat' dir='ltr'><strong>Supplieis</strong></span> <span class='ocrx_word' id='word_1_236' title='bbox 460 3496 587 3571; x_wconf 83' lang='lat' dir='ltr'><strong>exaudi,</strong></span> <span class='ocrx_word' id='word_1_237' title='bbox 603 3497 747 3558; x_wconf 90' lang='lat' dir='ltr'><strong>iuvenum</strong></span> <span class='ocrx_word' id='word_1_238' title='bbox 761 3495 934 3570; x_wconf 88' lang='lat' dir='ltr'><strong>mitissime,</strong></span> <span class='ocrx_word' id='word_1_239' title='bbox 948 3507 1075 3567; x_wconf 88' lang='lat' dir='ltr'><strong>vocem,</strong></span> 
     </span>
     <span class='ocr_line' id='line_1_39' title="bbox 985 3597 999 3624; baseline 0 0"><span class='ocrx_word' id='word_1_240' title='bbox 985 3597 999 3624; x_wconf 62' lang='lat' dir='ltr'>V</span> 
     </span>
    </p>
   </div>
   <div class='ocr_carea' id='block_1_6' title="bbox 0 0 1202 3940">
    <p class='ocr_par' dir='ltr' id='par_1_6' title="bbox 0 0 1202 3940">
     <span class='ocr_line' id='line_1_40' title="bbox 0 0 1202 3940; baseline 0 2"><span class='ocrx_word' id='word_1_241' title='bbox 0 0 1202 3940; x_wconf 95' lang='lat' dir='ltr'><strong> </strong></span> 
     </span>
    </p>
   </div>
  </div>
 </body>
</html>
