2492 3926
408 229 462 301 lll‚
485 226 665 292 lle-492.
986 225 1051 289 257

52 397 101 449 455
118 384 245 458 lamque
260 381 427 456 indignanti
443 397 524 443 nova
538 382 624 441 frana
638 386 797 458 receperat
813 395 875 452 ore,

158 466 234 528 Cum
247 465 324 525 levis
339 465 456 526 Aonias
475 465 590 541 ungula
608 464 686 526 iodit
699 481 806 541 aquus.

114 551 204 611 Nunc
219 549 326 610 lruitur
341 549 442 624 caelo,
460 549 543 625 quod
558 549 660 624 pinnis
676 555 746 608 ante
761 547 893 624 petebat,

157 633 322 704 Etnitidus
337 632 433 693 stellis
449 633 585 707 quinque
600 631 768 708 decemque
783 631 882 691 uricat.

116 715 257 778 Protinus
273 715 406 793 aspicies
421 715 554 776 venienti
568 722 657 776 nocte
672 716 823 776 coronam

52 809 104 862 460
162 799 308 861 Gnosida.
336 799 456 860 Theseo
475 797 600 860 crimine
620 800 701 860 iacta
715 799 774 859 dea
789 806 844 860 est.

116 885 180 944 lam
194 882 274 944 bene
288 882 410 959 periuro
425 889 555 944 mutarat
569 883 699 959 coniuge
711 882 874 958 Bacchum,

161 966 244 1041 Quae
258 965 342 1026 dedit
356 966 474 1042 ingrato
489 966 541 1027 iila
555 966 685 1042 legenda
699 966 775 1026 viro.

117 1049 208 1111 Sorte
222 1049 279 1110 tori
292 1050 430 1126 gaudens
446 1049 535 1125 ‘Quid
550 1049 662 1110 llebam
676 1050 790 1110 rustica
796 1054 822 1109 l’
837 1051 926 1111 dlxit=

162 1133 293 1194 ‘Utiliter
307 1134 397 1194 nobIs
413 1133 550 1208 perfidus
565 1134 616 1194 ille
631 1134 707 1194 lull!

54 1223 105 1277 465
122 1218 241 1277 Interea
255 1216 345 1280 Liber
360 1218 499 1294 depexos
514 1216 649 1278 crinibus
664 1217 758 1278 ludos

161 1301 255 1374 Vicit,
273 1308 302 1361 et
317 1316 375 1362 eoo
392 1302 480 1362 dives
495 1300 533 1362 ab
550 1300 624 1363 orbe
637 1301 725 1361 redit.

117 1386 200 1444 luter
214 1385 352 1461 captivas
367 1385 446 1446 tacie
460 1392 635 1461 praestante
650 1386 768 1462 puellas

159 1468 252 1542 Grata
265 1469 354 1529 nimis
367 1469 490 1529 Baccho
506 1469 569 1530 filia
583 1469 665 1544 regis
681 1475 754 1530 erat.

117 1551 223 1613 Flebat
237 1569 343 1614 amans
359 1553 500 1613 coniunx.
520 1553 712 1629 spatiataque
726 1553 812 1613 litore
828 1567 921 1611 curvo

55 1648 106 1703 470
161 1636 265 1698 Edidit
278 1636 398 1698 incultis
413 1638 484 1698 talia
499 1637 595 1696 verba
610 1637 722 1696 comis:

121 1718 179 1779 ‘En
195 1722 317 1796 iterum,
332 1720 458 1795 lluctus,
474 1721 581 1782 similis
596 1720 698 1782 audite
714 1720 881 1795 querellas!

159 1803 205 1863 En
221 1804 329 1865 ilerum
343 1805 484 1866 lacrimas
500 1805 621 1881 accipe,
636 1804 766 1877 harena,
781 1811 881 1864 meas!

117 1886 280 1963 Dicebam,
295 1887 432 1963 memini,
448 1889 596 1965 “periure
612 1894 643 1948 et
656 1888 774 1964 perfide
787 1887 949 1948 'llrcseut’'

158 1971 212 2030 lllo
228 1972 310 2034 abiit.
339 1971 449 2033 eadem
464 1972 589 2034 crimina
604 1972 747 2032 Bacchus
761 1971 862 2031 habet.

56 2062 107 2118 llo
122 2055 210 2116 Nune
225 2072 351 2132 quoque
365 2055 576 2117 “nullamne”
593 2054 731 2116 elamabo
747 2055 885 2115 “lamina
903 2053 1048 2113 credatt”

160 2138 289 2201 Nomine
305 2146 419 2200 mutato
435 2155 530 2202 eausa
544 2140 638 2202 rclata
652 2155 721 2200 mea
732 2147 795 2200 est:

119 2221 273 2284 Outinam
287 2239 355 2284 mea
369 2239 455 2300 sors,
472 2241 533 2300 qua
547 2225 676 2300 primum
691 2231 849 2300 coeperat,
864 2223 948 2296 isset,

159 2308 286 2384 lamque
301 2323 360 2384 ego
374 2309 529 2384 praesenti
542 2315 680 2385 ternpore
696 2309 777 2368 nulla
792 2308 904 2366 torem!

119 2391 201 2466 Quid
215 2407 263 2451 me
279 2391 408 2453 desertis
423 2392 601 2468 perituram,
616 2390 721 2463 Liber,
736 2389 859 2449 harenis

55 2484 105 2539 480
166 2474 341 2536 Servabasi
368 2477 454 2552 potui
469 2476 648 2538 dedoluisse
662 2475 766 2535 semel.

117 2559 242 2620 Bacche
256 2559 349 2634 levis,
365 2561 524 2637 leviorque
539 2561 615 2636 tuiS,
635 2575 714 2635 quae
728 2565 867 2633 tempora
882 2556 1015 2630 cingunt,

160 2642 348 2718 Frondibus,
364 2643 395 2703 in
409 2644 550 2705 lacrimas
566 2643 687 2719 cognite
699 2641 821 2703 Bacche
835 2656 930 2715 meas,

116 2730 226 2788 Ausus
241 2734 361 2788 esame
376 2729 484 2790 oeulos
499 2728 632 2790 adducta
648 2726 745 2803 pelice
761 2731 885 2787 nostros

163 2811 236 2871 Tam
250 2809 329 2871 bene
345 2812 548 2887 compositum
564 2811 727 2872 sollicitare
741 2817 861 2870 torumt

56 2897 103 2950 lus
117 2895 189 2956 Heu
203 2894 256 2954 ubi
271 2901 361 2970 pacta
375 2895 475 2957 fides?
495 2894 562 2968 ubi,
581 2911 661 2972 quac
675 2894 775 2954 iurare
790 2893 936 2954 solebas?

161 2977 212 3036 llle
226 2979 383 3052 miseram,
401 2980 541 3056 quotiens
556 2980 633 3040 haec
648 2993 705 3053 ego
721 2977 816 3037 verba
830 2978 962 3052 loquare

115 3061 240 3123 Thesea
256 3062 418 3138 culpabas,
434 3064 636 3140 fallacemque
649 3063 719 3137 ipsc
735 3061 885 3122 vocabas:

160 3144 277 3206 Iudicio
294 3161 407 3222 peccas
421 3148 539 3223 turpius
554 3147 623 3222 ipse
636 3152 699 3207 tuo.

116 3229 165 3289 Ne
181 3229 259 3290 sciat
272 3230 333 3290 hoc
347 3230 527 3306 quisquam,
542 3231 704 3304 tacitisque
719 3227 878 3290 doloribus
893 3241 975 3300 urar,

54 3323 103 3376 ite
163 3312 208 3372 Ne
222 3313 333 3374 totiens
348 3315 411 3374 lalll
426 3314 518 3390 digna
532 3313 629 3376 luisse
643 3319 741 3388 puter.

115 3396 289 3473 Praecipue
304 3397 424 3474 cupiam
440 3397 532 3458 celari
544 3397 680 3471 Thesea,
696 3413 735 3457 ne
749 3404 780 3457 te

163 3479 342 3541 consortem
359 3482 469 3557 culpae
483 3481 615 3556 gaudeat
629 3495 700 3540 esse
715 3493 799 3540 sluaa.

74 3579 162 3623 evm.
182 3564 234 3623 lll.
808 3576 840 3630 ll
