2450 3932
371 227 426 304 lu,
447 231 482 302 6,
505 227 626 306 27-8,
647 231 676 294 8.

26 409 28 428 2
140 384 208 457 Aut
223 382 278 443 nbi
294 397 446 458 cesseras,
462 399 558 444 causa
571 384 693 446 ruboris
708 401 800 446 eram.

26 455 28 512 f
104 467 236 528 Forsitan
251 467 405 542 exemplo,
423 467 495 542 quia
508 483 557 527 me
571 469 690 530 laesere
705 469 806 543 libelli,

139 553 181 612 Tu
195 566 324 628 quoque
340 550 384 612 sis
400 565 519 628 poenae
536 552 615 612 lacta
630 553 718 612 ruina
732 568 828 614 meae.
988 587 1031 601 -

26 623 27 640 ¹
104 635 186 709 Pone,
201 636 322 710 Perille,
338 641 459 694 metum.
482 637 691 697 tantummodo
706 637 819 696 lamina
834 653 895 700 non
910 638 950 699 sit

68 725 93 779 lt
137 721 236 795 beria,
252 734 311 778 nec
326 719 450 794 scriptis
466 719 565 779 discat
578 735 681 781 amare
695 720 764 781 tuis.

106 803 177 879 Ergo
191 803 331 864 desidiae
346 818 479 876 remove,
495 803 685 876 doctissima,
702 820 824 879 causae,

140 888 232 964 Inque
245 887 348 948 bonas
363 895 445 948 artes
459 893 490 946 et
503 893 556 947 tua
570 904 660 948 sacra
675 889 749 948 redi.

107 971 160 1030 Ista
173 972 288 1032 decens
304 971 400 1032 facies
416 971 516 1044 longis
531 971 686 1032 vitiabitur
701 974 800 1046 annis,

141 1056 287 1131 Rugaque
301 1055 332 1114 in
346 1055 473 1130 antiqua
487 1055 587 1115 fronte
601 1057 707 1116 senilis
723 1057 794 1116 erit:

70 1138 261 1215 telnicietque
275 1155 398 1200 manum
414 1140 530 1200 lormae
545 1139 695 1200 damnosa
711 1147 864 1216 senectus

142 1221 221 1297 Quae
238 1223 399 1298 strepitum
414 1238 511 1298 passu
526 1239 587 1283 non
605 1224 736 1285 iaciente
752 1225 844 1285 vemt.

108 1307 231 1382 Cumque
245 1306 359 1382 aliquis
373 1308 454 1368 dicct
468 1307 548 1367 ‘Fuit
562 1307 640 1368 haec
656 1308 813 1382 formosa',
830 1308 958 1378 dolebis

140 1391 174 1449 Et
187 1392 347 1466 speculum
363 1391 496 1450 mendax
512 1406 583 1452 esse
600 1407 730 1466 querere
745 1401 838 1454 tuum.

109 1473 176 1535 Sunt
190 1475 243 1536 tibi
257 1491 336 1550 opes
350 1475 499 1548 modicae,
517 1490 586 1535 cum
602 1476 646 1536 sis
664 1476 844 1551 dignissima
858 1475 994 1552 magnisr

68 1566 94 1618 lb
137 1557 224 1634 Finge
240 1560 298 1619 sed
313 1558 460 1618 inmensis
479 1559 624 1620 censibus
639 1575 711 1620 esse
727 1577 828 1636 poree,

108 1641 210 1718 Nempe
223 1643 277 1703 dat
292 1643 326 1702 id
341 1643 522 1717 cuicumque
536 1642 610 1704 libet
625 1645 748 1705 fortuna
760 1645 912 1720 rapitque,

141 1725 201 1785 lrus
217 1733 246 1786 et
264 1734 312 1787 est
328 1727 439 1800 subito,
457 1727 509 1801 qui
524 1727 618 1787 modo
635 1727 769 1790 Croesus
788 1737 861 1788 erat.

110 1806 222 1884 Singula
236 1811 480 1886 quid-reseram?
500 1810 542 1870 nil
556 1827 618 1870 non
634 1815 761 1872 mortale
776 1819 916 1872 tenemus

26 1963 28 1974 ‚
143 1892 273 1954 Pectoris
288 1895 428 1970 exceptis
442 1893 619 1970 ingeniique
633 1895 733 1957 bonis.
778 1929 781 1938 ·

70 1989 94 2040 lt
105 1974 144 2035 lin
159 1993 223 2052 ogo,
239 1994 307 2038 cum
324 1979 422 2053 patria
437 1993 558 2038 caream
572 1979 726 2055 vobisque
742 1981 906 2054 domoque,

140 2063 296 2138 Raptaque
311 2063 380 2136 sint,
397 2061 488 2122 adimi
503 2077 583 2138 quae
599 2070 728 2138 potuere
744 2065 825 2138 mihi,

105 2145 219 2220 Ingenio
235 2154 335 2207 mmen
349 2147 418 2222 ipse
431 2162 500 2206 meo
517 2147 708 2224 comitorque
723 2151 885 2224 fruorque:

141 2229 249 2292 Caesar
263 2231 293 2290 in
308 2231 369 2292 hoc
384 2231 483 2306 potuit
496 2230 571 2290 iuris
590 2231 704 2292 habere
719 2234 802 2294 nihil.

106 2312 224 2384 Quilibet
239 2315 318 2375 hano
336 2330 431 2375 saevo
447 2313 539 2374 vitam
553 2314 626 2374 mihi
644 2317 728 2377 finiat
743 2333 827 2391 ense,

67 2408 91 2458 tt
134 2396 180 2456 Me
193 2405 293 2459 umen
311 2399 445 2460 extincto
461 2399 543 2458 lama
557 2407 717 2474 superstes
734 2401 798 2474 erit,

104 2479 236 2558 Dumque
252 2483 318 2544 suis
334 2488 454 2558 septem
469 2482 579 2541 victrix
595 2483 634 2542 dc
650 2485 805 2545 montibus
821 2484 926 2544 orbem

26 2575 27 2596 l
138 2563 305 2643 Prospiciat
319 2567 465 2629 domitum
479 2566 588 2626 Martia
601 2566 708 2640 Roma
725 2569 819 2641 legar.

103 2649 141 2708 lu
155 2667 286 2727 quoque,
302 2668 395 2728 quam
410 2650 503 2710 studii
520 2659 641 2711 maneat
656 2653 773 2712 felicior
789 2667 874 2726 usus,
987 2657 988 2662 ’

26 2809 27 2812 ¹
137 2733 243 2809 Effuge
257 2743 415 2812 venturos,
432 2751 495 2810 qua
509 2741 609 2810 potes,
621 2751 723 2812 usque
736 2744 847 2812 rogos!

26 2911 27 2976 3
57 2857 85 2954 S.
99 2861 182 2962 Nunc
198 2919 257 2978 ego
272 2904 449 2980 Triptolemi
465 2923 610 2984 cuperem
626 2907 837 2969 conscendere
852 2921 972 2981 caurus,

26 2987 27 3070 l
131 2985 210 3046 Misit
223 2987 254 3046 in
269 2989 404 3062 ignotam
419 2992 471 3066 qui
487 2992 564 3052 rude
579 3006 685 3052 semen
700 2990 835 3051 humum.

26 3109 28 3196 ι
100 3067 178 3130 Nunc
192 3087 250 3146 ego
264 3071 395 3132 Medeae
411 3075 519 3135 vellem
535 3076 656 3134 frenare
672 3077 834 3146 dracones,

26 3203 27 3216 t
134 3153 214 3228 Quos
231 3155 338 3215 habuit
354 3157 474 3232 lugiens
489 3175 569 3233 aree,
585 3159 735 3233 cerintha,
749 3166 811 3220 tua.
864 3173 866 3175 ·

26 3229 28 3302 ξ
73 3234 173 3297 allum
188 3254 246 3313 ego
261 3239 422 3301 iactandas
441 3250 579 3317 optarem
595 3259 717 3304 sumere
732 3257 864 3318 pennae,

26 3317 28 3406 l
135 3321 206 3382 Sive
221 3329 300 3398 tuae,
315 3323 441 3398 Persen,
457 3326 602 3400 Daedale,
621 3327 687 3386 sive
704 3333 786 3387 tuas:

98 3403 132 3463 Ut
145 3413 250 3466 tenera
263 3408 378 3468 nostris
394 3411 523 3471 cedente
537 3409 690 3470 volatibus
706 3426 784 3473 auru

132 3491 314 3566 aspicerem
329 3491 448 3568 patriae
464 3495 554 3555 dulce
567 3501 695 3572 repente
709 3495 821 3566 solum,
