2372 3928
313 191 367 267 nr,
389 189 425 266 ι,
448 189 567 264 scr-5,
589 189 640 254 ιι.

61 347 199 421 Legimus,
224 361 243 405 o
259 342 390 416 iuvenis,
412 344 498 417 patrii
514 359 576 406 non
592 344 811 421 degenerans,

94 430 175 490 Dicta
188 427 243 487 tibi
257 428 351 502 pleno
368 425 462 487 verba
477 427 591 489 diserta
606 429 683 490 foro.

61 514 133 586 Quae
148 525 331 587 quamquam
345 509 446 584 lingua
457 513 529 572 milri
545 519 614 572 sunt
625 516 811 587 properante
826 527 882 586 per
891 511 984 574 horas

33 607 56 659 ιο
98 597 182 656 Lecta
196 594 274 655 satis
288 593 408 668 multare,
431 611 530 669 pauca
546 596 643 657 luisse
659 611 779 669 queror.

62 679 141 740 Plura
154 679 208 740 sed
223 677 302 737 hacc
317 677 376 736 teci
390 679 555 753 relegendo
572 694 676 755 saepe.
710 693 767 738 nec
782 695 923 753 umquam

97 763 159 822 Non
173 761 255 834 mihi,
281 775 373 836 quam
387 762 496 836 primo,
518 769 604 837 grata
619 765 704 822 luere
718 762 826 836 magis.

64 846 184 920 Cumque
198 844 274 905 nihil
287 845 399 905 totiens
413 846 492 906 lecta
506 862 524 906 c
539 846 701 906 dulcedine
716 845 853 921 perdant,

95 928 213 990 Viribus
228 929 281 988 illa
293 927 369 1010 suis,
392 945 454 988 non
469 929 613 1002 novitate,
637 930 767 1004 placent.

37 1019 57 1069 tn
65 1011 176 1086 Felices,
197 1011 310 1088 quibus
324 1012 401 1071 haec
415 1011 485 1087 ipso
501 1027 689 1088 cognoscere
703 1013 733 1072 in
749 1018 825 1082 actu,

94 1096 128 1156 Et
140 1103 200 1156 tam
215 1095 351 1156 facundo
367 1097 492 1170 contigit
506 1111 561 1157 ore
575 1097 648 1156 frui!

63 1179 124 1238 llam
141 1195 325 1255 quamquam
340 1195 435 1254 sapor
449 1188 497 1240 est
510 1180 611 1241 adlata
626 1180 725 1241 dulcis
740 1180 770 1239 in
786 1181 875 1255 unda,

97 1263 211 1324 Gratius
226 1278 266 1323 ex
280 1262 350 1338 ipsc
365 1263 450 1324 tonte
464 1263 608 1326 bibuntur
622 1280 730 1338 aquae.

65 1346 93 1404 Et
105 1346 197 1422 magis
212 1346 346 1409 adducto
363 1362 485 1422 pomum
500 1349 666 1423 decerpere
682 1363 776 1420 ramo,

38 1435 60 1486 tt
98 1429 186 1503 Quam
200 1431 239 1491 de
255 1431 373 1491 caelata
387 1447 508 1492 sumere
522 1433 609 1492 lance
623 1432 716 1492 iuvat.

64 1513 95 1572 At
107 1513 159 1572 risi
174 1529 365 1590 peccassem,
388 1515 510 1576 nisime
525 1532 592 1575 mea
606 1515 695 1575 Musa
710 1514 854 1589 rugasset,

96 1596 176 1669 Quod
190 1599 260 1674 legi,
281 1604 333 1659 tua
349 1614 409 1658 vox
425 1598 616 1660 exhibuisset
633 1614 721 1674 opus.

65 1679 147 1754 thue
160 1681 203 1741 lui
220 1683 340 1754 solitus,
364 1682 516 1743 sedissem
532 1682 658 1742 forsitan
675 1697 754 1742 unus

96 1763 134 1822 lle
147 1772 267 1827 centurn
283 1766 377 1825 ludex
390 1766 421 1824 in
436 1772 488 1826 tua
503 1765 598 1826 verba
612 1765 703 1826 virise

35 1849 56 1902 ll
66 1845 143 1907 linior
157 1855 188 1908 et
199 1850 360 1926 implesset
374 1850 554 1925 praecordia
569 1855 674 1909 nostra
688 1849 839 1924 voluptas,

98 1929 160 1992 Cum
176 1932 312 1993 traherer
327 1933 416 1993 dictis
430 1934 657 2008 adnueremque
671 1933 741 1993 tuis.

68 2012 142 2085 Quem
154 2017 300 2090 quoniam
315 2017 408 2076 latum
423 2016 512 2076 vobis
527 2017 687 2093 patriaque
702 2016 814 2077 relictis

96 2098 163 2160 luter
180 2099 361 2161 inhumanos
375 2100 480 2161 maluit
496 2115 568 2162 esse
583 2100 684 2172 Getas,

68 2179 136 2252 Quod
149 2183 228 2260 licet,
249 2191 284 2244 ut
300 2185 406 2244 videar
419 2190 519 2244 tecum
534 2184 631 2260 magis
647 2199 718 2244 esse
733 2185 873 2260 legendo,

35 2268 57 2322 lt
97 2263 197 2342 Saepo,
220 2283 345 2344 precor,
369 2269 460 2329 studii
476 2269 605 2344 pignora
619 2268 701 2327 mitte
717 2267 773 2327 tui:

66 2345 258 2427 Exemploque
273 2367 352 2424 meo,
376 2352 434 2412 nisi
450 2352 624 2427 dedignaris
639 2349 671 2410 id
686 2351 795 2426 ipsum,

95 2433 185 2510 Utere,
208 2436 292 2511 quod
307 2435 396 2495 nobis
412 2436 524 2496 rectius
539 2435 607 2511 ipse
622 2434 722 2493 dares.
911 2499 914 2511 ⁸

66 2512 180 2594 Namque
195 2534 262 2595 ego,
287 2520 338 2594 qui
356 2520 431 2594 perii
449 2520 655 2595 iampridem,
674 2516 814 2592 Maxime,
838 2517 934 2592 vobis,

97 2599 209 2674 ingenio
224 2603 304 2664 nitor
318 2619 378 2664 non
394 2603 524 2679 periisse
538 2618 617 2662 meo.

39 2680 153 2744 seleuce
168 2687 276 2761 vicem,
300 2702 356 2746 nec
370 2703 439 2746 rara
453 2687 494 2747 tui
506 2686 689 2747 monimenta
703 2685 817 2745 laboris

98 2767 249 2844 decipiant
264 2777 396 2842 nostrae,
419 2777 503 2846 grata
518 2771 626 2842 lutura,
651 2786 768 2829 manus.

66 2846 222 2928 dictamen,
246 2854 400 2924 oiuvenis
416 2854 585 2914 studiorum
600 2856 690 2928 plene
705 2869 850 2926 meorum,

93 2932 200 3009 Ecquid
216 2935 255 2997 ab
272 2937 320 2997 his
336 2937 412 3013 ipsis
428 2938 613 2997 admoneare
629 2936 696 2997 mei.

66 3011 171 3094 Ecquid,
191 3020 242 3080 ubi
258 3028 311 3081 aut
324 3021 434 3080 recitas
450 3022 561 3080 lactum
575 3017 668 3081 modo
684 3035 806 3080 carmen
821 3020 936 3094 amicis,

20 3161 21 3180 ἶ
38 3100 60 3153 lt
96 3102 156 3174 Aut,
178 3105 261 3178 quod
275 3119 371 3180 saepe
385 3106 478 3178 soles,
502 3103 599 3178 exigis
614 3110 648 3164 ut
662 3103 796 3177 recitent,

20 3189 21 3196 ¹
65 3177 195 3246 Interdum
211 3187 348 3263 queritur
362 3194 414 3248 tua
427 3203 522 3262 mens,
545 3186 638 3247 oblita
653 3187 727 3263 quid
742 3187 829 3261 absit,

21 3275 23 3350 ᾗ
94 3265 193 3332 Nescio
210 3271 286 3346 quid
301 3278 383 3332 certe
397 3270 489 3331 sentit
502 3272 613 3332 abesse
628 3271 697 3330 suit

21 3351 23 3420 l
67 3343 145 3422 thue
159 3353 241 3430 loqui
257 3355 297 3414 de
311 3371 360 3415 mc
375 3356 500 3416 multum
515 3361 676 3430 praesente
691 3354 824 3426 solebas,

21 3427 24 3540 l
95 3431 171 3496 Eune
185 3453 310 3514 quoque
324 3439 454 3500 Nasonis
470 3455 581 3499 nomeu
597 3438 626 3498 in
643 3453 695 3498 ore
710 3444 761 3498 tuo
777 3443 844 3496 estt

25 3734 32 3881 l
