2492 3926
426 227 468 297 V,
492 223 669 288 175-250.
996 226 1056 290 301

127 376 228 455 Saepe
243 394 301 454 ego
318 378 455 452 digestos
469 378 552 438 volui
568 393 728 438 numerare
744 379 874 452 colores,

166 463 229 522 Nee
245 461 340 537 potui.
369 475 494 521 numero
511 462 603 536 copia
616 462 714 522 maior
730 469 803 524 erat.

56 554 110 608 215
123 545 257 607 Roscida
272 561 340 604 oum
354 544 483 620 primum
499 545 579 606 loliis
594 561 727 606 excussa
742 545 850 620 pruina
864 555 919 620 est,

162 630 201 690 Et
215 629 319 688 variae
333 628 427 688 radiis
442 628 601 704 intepuere
615 645 730 703 comae,

126 711 317 773 Conveniunt
330 710 419 786 pictis
434 711 584 772 incinctae
598 712 736 772 vestibus
750 712 861 785 Horae,

166 797 264 871 Inque
280 798 365 855 leves
381 795 518 858 calathos
532 811 659 856 munera
672 803 778 855 nostra
792 797 904 870 legunt.

125 879 265 938 Protinus
281 879 432 938 accedunt
446 879 590 950 Charites,
610 886 795 954 nectuntque
810 894 952 954 coronas,

61 968 113 1020 uuo
168 960 318 1036 Sertaque
333 963 482 1022 caelestes
499 963 680 1038 implicitura
695 978 810 1023 comas.

123 1045 224 1105 Prima
237 1059 294 1120 per
307 1045 472 1106 immensas
488 1047 589 1120 sparsi
604 1062 688 1106 nova
701 1046 818 1106 semina
835 1055 951 1120 gentes.

163 1129 261 1190 Unius
277 1129 366 1189 tellus
381 1135 451 1188 ante
466 1131 579 1190 eoloris
594 1137 667 1188 erat.

124 1213 224 1272 Prima
237 1211 436 1287 Therapnaeo
453 1213 511 1272 ieci
526 1213 566 1272 de
580 1213 727 1288 sanguine
742 1211 859 1285 florem,

165 1297 204 1355 Et
217 1301 318 1355 manet
333 1296 363 1355 in
378 1296 450 1357 lolio
466 1297 582 1371 scripta
596 1299 732 1371 querella
747 1313 814 1357 suo.

60 1387 111 1439 225
124 1379 168 1440 Tu
183 1394 308 1455 quoque
322 1394 433 1440 nomen
448 1380 544 1440 habes
561 1380 675 1454 cultos,
696 1381 853 1454 Narcisso,
869 1397 925 1456 per
939 1382 1053 1456 hortos,

166 1462 289 1537 Infelix,
314 1463 399 1538 quod
413 1478 474 1524 non
490 1465 610 1523 alteret
624 1465 700 1523 alter
713 1479 792 1523 eras.

126 1547 203 1619 Quid
221 1547 356 1621 Crocon,
372 1552 424 1606 aut
438 1548 521 1608 Attin
536 1547 679 1620 referam,
695 1547 868 1622 Cinyraque
885 1557 1026 1623 creatum,

166 1630 211 1689 De
229 1644 358 1704 quorum
374 1645 430 1704 per
443 1647 492 1691 me
506 1631 633 1691 volnere
648 1631 744 1706 surgit
757 1631 879 1691 honori

124 1713 206 1773 Mars
224 1729 363 1788 quoque,
380 1715 407 1774 si
422 1713 534 1790 nescis,
557 1729 614 1790 per
627 1721 750 1775 nostras
765 1714 864 1773 editus
881 1721 975 1774 artes:

59 1804 110 1857 tto
163 1797 299 1872 luppiter
313 1797 372 1857 hoc
386 1804 420 1858 ut
433 1798 535 1858 adhue
548 1798 679 1871 nesciat,
695 1813 794 1873 usque
808 1813 928 1872 precor.

125 1879 238 1940 Sancta
251 1881 356 1943 Iovem
370 1881 445 1942 luno
460 1888 531 1941 nata
546 1882 612 1942 sine
627 1888 722 1942 matre
736 1881 873 1940 Minerva

166 1965 274 2024 Olticio
291 1965 387 2025 doluit
400 1981 462 2025 non
477 1965 600 2040 eguisse
614 1981 680 2025 suo.

124 2048 205 2122 lbet,
227 2054 260 2108 ut
276 2047 398 2108 Oceano
417 2057 593 2123 quereretur
607 2048 687 2108 iacta
701 2048 815 2108 mariti:

165 2132 285 2191 Restitit
299 2132 340 2191 ad
354 2140 476 2192 nostras
491 2132 576 2192 lesse
592 2132 698 2192 labore
716 2132 809 2192 iores.

60 2222 108 2277 235
124 2215 222 2288 Quam
236 2216 326 2276 simul
340 2216 460 2290 aspexi,
483 2217 587 2290 “Quid
601 2222 640 2291 te,
665 2215 831 2276 Saturnia”
848 2215 912 2274 dixi

166 2299 349 2359 “Attulit”
373 2301 515 2374 exponit,
538 2316 629 2375 quem
643 2306 737 2375 petat,
759 2300 810 2358 illa
824 2300 933 2371 locum,

122 2382 253 2442 Addidit
269 2389 299 2442 et
313 2397 447 2443 causam.
477 2383 588 2444 Verbis
609 2383 733 2443 solabar
747 2381 862 2442 amicis.

166 2466 284 2526 “Non’'
298 2467 397 2542 inquit
410 2466 539 2527 “verbis
555 2483 627 2528 cura
641 2465 771 2526 levanda
785 2480 854 2524 meo
868 2474 924 2524 est.

122 2550 157 2610 Si
176 2555 261 2624 pater
275 2556 323 2610 est
337 2551 434 2612 lactus
449 2551 587 2626 neglecto
603 2549 741 2624 coniugis
756 2564 817 2608 usu

58 2639 106 2694 ito
162 2634 314 2710 Iuppiter,
335 2641 365 2693 et
380 2637 466 2696 solus
480 2651 590 2695 nomen
606 2640 765 2708 utrumque
780 2639 869 2702 tenet,

122 2718 187 2778 Cur
201 2732 258 2792 ego
275 2718 438 2793 desperem
455 2719 521 2777 fieri
538 2719 605 2778 sine
620 2716 751 2791 coniuge
765 2722 869 2783 mater,

164 2799 204 2859 Et
218 2816 325 2875 parere
341 2803 468 2875 intacto,
489 2801 655 2862 dummodo
671 2807 771 2873 casta,
788 2800 877 2859 virot

122 2885 235 2946 Omnia
249 2885 403 2960 temptabo
421 2885 489 2945 latis
505 2885 705 2945 medicamina
719 2885 817 2958 terriS,

158 2968 199 3026 Et
214 2968 303 3040 treta,
318 2971 480 3029 Tartareos
496 2969 709 3042 excutiamque
725 2968 847 3028 sinus.”

60 3059 105 3113 tto
119 3054 198 3112 Vox
212 3059 276 3111 erat
290 3052 319 3110 in
336 3067 437 3112 cursu.
466 3053 580 3112 voltum
596 3052 759 3111 dubitantis
775 3050 935 3110 habebam.
1016 3101 1019 3107 .

165 3134 302 3194 “Nescio
320 3136 408 3210 quid,
425 3135 575 3210 nymphe,
599 3150 695 3210 posse
709 3135 850 3194 videris”
867 3135 916 3194 uit.

118 3221 185 3278 Ter
199 3219 279 3278 volui
294 3220 470 3293 promittere
485 3234 591 3293 opem,
607 3226 653 3278 ter
666 3218 769 3293 lingua
782 3224 898 3278 retenta
913 3223 975 3277 est:

163 3301 216 3360 Ira
229 3301 312 3362 lovis
328 3303 428 3377 magni
444 3317 539 3362 causa
555 3302 670 3362 timoris
686 3308 759 3361 erat.

119 3385 226 3458 “Fer,
242 3401 366 3460 precor,
389 3385 580 3445 auxiliumt”
604 3385 680 3444 dixit
697 3384 870 3445 “celabitur
886 3388 1017 3444 auctor”

59 3476 106 3531 tto
163 3467 204 3527 Et
219 3467 347 3544 Stygiae
361 3485 472 3528 numen
489 3469 668 3529 testificatur
682 3483 790 3543 aquae.
