2450 3932
538 163 764 226 TRISTIUM

268 321 324 396 Qui
339 319 431 382 modo
448 319 488 378 de
502 316 606 378 multis
624 333 705 379 unus
722 324 752 378 et
766 318 841 379 alter
856 326 951 381 erant.

224 408 311 468 Uxor
325 419 431 464 amans
447 400 572 461 flentem
586 400 666 462 flens
682 405 782 464 acrius
800 403 871 478 ipsa
883 403 1014 481 tenebat,

266 488 367 548 Imbre
380 502 438 563 per
450 485 591 560 indignas
606 493 706 560 usque
724 488 852 548 cadente
866 504 971 563 genas.

223 574 300 634 Nata
313 571 421 648 procul
434 568 560 645 Libyeis
576 568 681 630 aberat
696 570 820 632 diversa
833 571 891 634 sub
906 572 980 647 oris,

176 670 211 722 20
267 658 329 717 Nec
342 662 463 732 poterat
478 652 530 713 fati
546 653 658 714 certior
672 669 744 716 esse
763 655 832 715 mci.

225 743 425 817 Quocumque
439 738 612 814 aspiceres,
630 739 730 800 luctus
744 739 938 814 gemitusque
954 739 1122 815 sonabant,

266 825 440 901 Forma'que
455 837 517 883 non
533 822 616 882 taciti
631 823 746 884 funeris
763 824 844 884 intus
863 829 936 883 erat.

225 910 351 972 Femina
363 909 473 983 virque
488 921 572 980 meo,
588 907 675 983 pueri
691 923 816 984 quoque
830 907 937 968 funere
951 918 1106 970 maerent:

267 995 365 1068 Inque
380 992 473 1051 domo
489 989 631 1049 lacrimas
649 993 780 1068 angulus
796 992 894 1052 omnis
910 991 1011 1052 habet.

177 1088 212 1142 25
229 1077 348 1139 silicet
364 1073 514 1150 exemplis
529 1073 560 1132 in
575 1090 673 1151 parvo
689 1075 856 1151 grandibus
871 1077 923 1150 uti,

266 1163 351 1222 Haec
366 1158 462 1220 iacies
476 1157 599 1234 Troiae,
614 1174 684 1220 cum
699 1168 873 1237 caperetur,
890 1166 962 1220 erat.

225 1247 350 1321 Iamque
368 1241 568 1319 quiescebant
581 1258 677 1304 voces
691 1244 910 1320 hominumque
926 1259 1115 1321 canumque,

266 1331 414 1405 Lunaque
428 1325 595 1390 nocturnos
612 1329 673 1388 alta
687 1329 813 1404 regebat
828 1344 938 1406 equos.

226 1414 313 1474 Hanc
327 1428 385 1489 ego
402 1412 577 1490 suspiciens
594 1418 624 1472 et
640 1413 678 1474 ab
694 1413 753 1473 hac
768 1411 918 1490 capitolia
932 1427 1071 1488 cerneus,

177 1505 213 1562 30
269 1498 352 1573 Quae
368 1505 474 1559 nostro
489 1499 603 1558 frustra
616 1496 720 1559 iuncta
736 1498 821 1556 fuere
836 1498 902 1573 lari,

215 1573 367 1642 “Numina
377 1581 487 1643 vicinis
502 1580 669 1641 habitantia
682 1580 837 1656 sedibus,
852 1582 977 1658 inquam

267 1667 393 1744 Iamque
408 1667 504 1726 oculis
520 1681 687 1741 numquam
702 1664 816 1741 templa
826 1665 960 1727 videnda
971 1665 1060 1740 meis,

227 1751 326 1828 Dique
340 1749 547 1828 relinquendi,
565 1765 645 1827 quos
661 1748 736 1811 urbs
748 1755 832 1809 tenet
846 1752 907 1811 alta
922 1748 1043 1823 Quirini,

265 1835 340 1896 Este
354 1836 475 1898 salutati
488 1841 609 1910 tempus
626 1834 657 1894 in
673 1849 763 1895 omne
773 1833 861 1893 mihi!

178 1927 212 1983 35
226 1920 265 1979 Et
279 1935 466 1995 quamquam
480 1933 551 1978 sero
572 1917 704 1993 elipeum
720 1923 792 1994 post
805 1918 933 1978 vulnera
947 1933 1044 1991 sumo,

268 2003 410 2062 Attamen
427 2007 505 2062 nanc
521 2001 601 2060 odiis
617 2010 783 2063 exonerate
799 2004 911 2078 fugam,

227 2086 419 2163 Caelestique
433 2085 516 2159 viro,
535 2085 604 2160 quis
621 2101 669 2145 me
685 2086 841 2163 deceperit
855 2101 949 2162 error,

267 2170 374 2230 Dicite.
407 2186 464 2246 pro
481 2171 571 2244 culpa
586 2185 625 2228 ne
640 2172 743 2233 scelus
758 2186 830 2232 esse
845 2178 940 2248 putet.

224 2255 265 2316 Ut
280 2255 364 2330 quod
381 2269 437 2315 vos
453 2253 554 2328 scitis,
569 2269 690 2330 poenae
707 2272 832 2331 quaque
847 2255 957 2316 sentiat
971 2261 1090 2332 auctor,

176 2346 211 2400 40
267 2337 390 2399 Placato
406 2355 536 2415 passum
552 2355 614 2401 non
629 2338 724 2400 miser
739 2355 811 2401 esse
827 2340 910 2402 deo?

224 2423 290 2483 Hac
304 2439 398 2500 prece
415 2424 543 2486 adoravi
557 2439 689 2500 superos
706 2440 774 2501 ego.
810 2423 949 2500 pluribus
965 2440 1051 2499 uxor,

269 2507 411 2586 singultu
425 2509 545 2570 medios
561 2509 747 2585 impediente
761 2525 868 2571 sonos.

224 2594 280 2653 Illa
295 2595 385 2653 etiam
400 2600 471 2652 ante
486 2594 566 2652 lares
585 2592 690 2667 passis
704 2599 859 2668 prostrata
874 2593 992 2668 capillis

270 2677 400 2750 Contigit
414 2676 566 2736 extinctos
583 2691 638 2736 ore
652 2683 800 2739 tremente
814 2678 915 2752 iocos,

176 2767 210 2821 45
224 2759 379 2836 Multaque
393 2759 424 2818 in
439 2758 590 2820 adversos
606 2759 714 2821 effudit
728 2761 822 2822 verba
838 2766 965 2837 penates

266 2842 324 2904 Pro
340 2843 501 2919 deplorato
518 2860 581 2905 non
595 2845 727 2906 valitura
740 2847 818 2907 viro.

225 2928 351 3003 Iamque
365 2943 471 2990 morae
485 2929 618 3004 spatium
632 2945 695 2990 nox
710 2929 910 3008 praecipitata
924 2927 1064 3004 negabat,

266 3012 430 3088 Versaque
445 3013 484 3074 ab
500 3029 560 3074 axe
575 3031 632 3075 suo
650 3012 811 3075 Parrhasis
831 3019 933 3074 arctos
948 3018 1023 3073 erat.

227 3095 304 3169 Quid
319 3097 473 3158 iacerem?
493 3097 607 3158 blando
623 3098 741 3174 patriae
755 3097 909 3158 retinebar
924 3110 1043 3158 amores

176 3187 212 3241 50
268 3179 380 3240 Ultima
394 3181 452 3241 sed
466 3184 571 3243 iussae
586 3199 649 3242 nox
664 3189 729 3243 erat
742 3183 795 3242 illa
811 3184 911 3258 fugae.

225 3264 268 3323 A!
287 3263 428 3338 quotiens
444 3265 548 3340 aliquo
565 3266 629 3325 dixi
643 3273 829 3341 properante
844 3264 935 3339 ‘Quid
948 3268 1087 3340 urgueat

267 3347 326 3407 Vei
342 3364 403 3423 quo
420 3349 548 3409 festines
563 3349 622 3424 ire,
639 3351 689 3408 vel
704 3349 801 3424 unde,
816 3349 915 3409 videt’

222 3431 266 3492 A!
284 3432 426 3508 quotiens
441 3443 555 3494 certam
569 3449 618 3492 me
633 3449 701 3494 sum
715 3434 857 3494 mentitus
872 3431 987 3493 habere
