2394 3940
324 265 365 339 ll,
386 263 421 335 6,
444 259 564 340 23-7,
586 261 636 327 57.

45 431 68 482 lo
111 417 266 492 Verbaque
276 415 430 476 Fortunae
444 416 496 476 vix
508 423 582 492 puto
596 433 692 493 posse
708 419 782 480 dari.

78 503 122 562 lst
134 502 172 560 illi
187 515 278 560 curae
293 515 341 560 me
357 500 496 575 perdere.
528 515 668 577 quaeque
683 503 803 566 solebat

110 585 180 646 Esse
194 585 287 656 levis,
304 591 450 643 constans
466 591 495 642 et
509 582 587 644 bene
603 593 684 647 certa
699 595 798 648 nocet.

24 709 26 714 -
79 670 159 728 Crede
172 667 259 740 mihi,
278 668 304 726 si
319 683 386 727 sum
403 666 466 726 veri
480 666 533 726 tibi
549 669 687 742 cognitus
704 671 775 744 oris,

108 753 146 812 Ne
160 766 303 812 numeros
319 750 431 810 nostris
448 749 571 813 casibus
586 766 657 811 esse
671 761 769 829 putee,

47 840 67 891 ti
78 835 227 914 Cinyphiae
242 834 356 910 segetis
371 833 460 895 citius
475 834 648 895 numerabis
664 838 783 912 aristas,

108 921 229 994 Altaque
247 933 338 994 quam
352 918 454 978 multis
469 916 578 978 floreat
592 918 694 998 Hybla
706 921 836 999 thymis:

79 1002 106 1062 it
119 1010 185 1078 quot
199 1019 275 1063 aves
290 1002 380 1063 motis
395 1002 527 1062 nitantur
541 1003 572 1061 in
588 1006 659 1064 aere
673 1006 794 1081 pennis,

113 1086 241 1161 Quotquc
256 1093 361 1146 natent
375 1086 478 1161 pisces
492 1101 643 1161 aequore,
660 1095 760 1148 certus
776 1090 845 1165 eris,

81 1170 157 1242 buoni
170 1170 223 1231 tibi
237 1177 412 1230 nostrorum
428 1176 576 1230 statuatur
589 1185 707 1231 summa
720 1172 868 1248 laborum,

49 1263 70 1316 lt
110 1253 183 1327 Quos
198 1270 255 1330 ego
272 1271 339 1314 sum
355 1261 449 1327 terre,
467 1269 545 1328 quos
562 1269 620 1329 ego
635 1271 749 1330 passus
764 1272 854 1334 aqua.

80 1336 149 1396 Nulla
163 1338 243 1399 Getis
258 1345 324 1399 toto
339 1353 415 1413 gens
431 1344 477 1398 est
497 1338 694 1399 truculentior
708 1340 797 1400 orbe:

114 1421 165 1482 Sed
180 1428 280 1482 tamen
294 1422 326 1481 hi
341 1421 455 1482 nostris
471 1421 647 1496 ingemuere
661 1423 760 1483 malis.

81 1503 147 1577 Quae
159 1505 209 1576 tibi
223 1507 250 1567 si
268 1505 395 1567 memori
410 1519 504 1566 coner
516 1505 707 1581 perscribere
723 1522 823 1583 versu,

111 1589 171 1650 llias
185 1598 230 1650 est
243 1589 296 1650 fati
312 1590 404 1664 longa
419 1590 516 1650 lutura
531 1589 600 1649 mci.

47 1675 68 1727 35
78 1670 131 1731 Non
144 1672 228 1749 igitur
240 1688 367 1748 vereor,
386 1673 457 1748 quia
470 1679 500 1732 te
513 1687 584 1732 rear
598 1688 669 1732 esse
685 1675 861 1750 verendum,

114 1756 192 1818 cuns
207 1773 293 1817 amor
307 1755 396 1816 nobis
410 1756 539 1831 pignora
553 1757 635 1815 mille
650 1756 748 1816 dedit:

79 1838 129 1899 Sed
142 1842 207 1915 quia
220 1857 271 1901 res
285 1840 391 1900 timida
406 1847 452 1900 ost
467 1839 566 1900 omnis
580 1840 686 1915 miser,
704 1849 733 1900 et
746 1840 817 1915 quia
831 1841 923 1916 longo
941 1848 987 1903 est

111 1925 247 2000 Tempore
262 1924 393 1994 laetitiae
408 1924 499 1984 ianua
514 1925 618 1985 clausa
631 1937 727 1983 meae.

79 2005 127 2065 lam
141 2008 223 2070 dolor
237 2009 267 2068 in
283 2023 398 2068 morem
413 2008 496 2067 venit
510 2023 607 2069 meus.
635 2014 731 2084 utque
745 2009 871 2070 caducis

48 2089 69 2142 lo
109 2090 251 2153 Percussu
265 2092 374 2152 crebro
388 2107 465 2152 saxa
480 2097 627 2152 cavantur
641 2091 739 2168 aquis,

79 2171 118 2232 Sic
130 2189 181 2252 ego
197 2177 341 2237 continuo
357 2176 495 2235 fortunae
509 2174 654 2235 vulneror
667 2174 736 2250 ictu,

109 2257 219 2334 Vixque
234 2259 327 2320 habet
341 2260 371 2318 in
386 2258 474 2319 nobis
491 2257 550 2318 iarn
564 2275 644 2319 noua
658 2260 749 2334 plaga
763 2260 872 2320 locun.

78 2339 125 2400 Nec
138 2344 228 2418 magis
244 2344 370 2404 assiduo
384 2357 491 2402 vomer
505 2349 644 2403 tenuatur
657 2343 695 2402 ub
711 2359 778 2417 usu,

106 2425 159 2487 Nec
171 2427 267 2503 magis
284 2434 330 2487 cst
345 2426 447 2486 cursis
461 2425 566 2502 Appia
579 2427 647 2486 trita
661 2426 745 2500 rotis,

47 2505 179 2570 bieolore
194 2526 285 2586 quam
300 2525 368 2570 mea
383 2517 453 2571 sunt
469 2510 549 2570 serie
564 2515 687 2569 caecata
702 2509 859 2569 malorum.

105 2591 136 2652 Et
149 2594 218 2654 nilril
232 2595 350 2667 inveni,
369 2593 453 2669 quod
469 2593 540 2653 milri
555 2594 647 2653 ferret
663 2607 763 2668 opem.

76 2675 179 2738 Artibus
193 2678 334 2754 ingenuis
350 2676 489 2753 quaesita
504 2684 551 2738 est
565 2675 662 2752 gloria
674 2676 790 2737 multis:

106 2758 203 2821 lnlolix
218 2762 297 2837 perii
313 2761 435 2822 dotibus
450 2760 518 2837 ipse
533 2761 619 2821 meis.

74 2841 129 2902 Vita
141 2845 222 2920 prior
235 2845 309 2907 vitio
325 2850 407 2906 caret
423 2853 454 2906 et
468 2845 534 2904 sine
548 2845 617 2905 labe
632 2850 768 2920 peractas

45 2933 65 2987 lb
101 2928 202 2989 Auxilii
216 2930 330 2990 misero
346 2929 386 2988 nil
402 2929 467 2990 tulit
482 2928 533 2988 illa
550 2927 632 2987 milri.

75 3007 151 3086 Culpa
163 3014 264 3088 gravis
279 3013 423 3089 precibus
440 3014 570 3073 donatur
584 3026 680 3088 saepe
693 3025 833 3072 suorum=

105 3093 197 3158 Omnis
212 3113 270 3172 pro
287 3098 377 3158 nobis
392 3095 489 3172 gratia
503 3102 586 3156 mutu
600 3094 664 3156 luit.

73 3174 186 3240 Adiuvat
198 3180 229 3241 in
245 3181 330 3242 duris
345 3181 447 3256 aliqua
460 3180 634 3255 praesentia
648 3177 756 3239 rebus=

102 3259 196 3324 Obruit
210 3264 271 3326 hoc
286 3265 400 3326 absens
414 3271 503 3324 vasta
517 3265 653 3339 procella
669 3267 769 3337 caput.

28 3340 128 3416 ’ebuis
143 3363 201 3408 non
219 3348 372 3410 horruerit
389 3349 509 3409 tacitam
530 3361 653 3424 quoque
670 3343 810 3406 Caesaris
829 3343 926 3404 immi

29 3433 30 3462 l
101 3429 205 3492 Addita
220 3441 292 3494 sunt
311 3432 419 3508 poenis
438 3447 550 3507 aspera
566 3430 661 3491 rerba
677 3430 763 3490 meis.

69 3507 103 3571 lit
117 3513 185 3600 luga
202 3515 392 3592 temporibus
409 3517 516 3577 leuior.
551 3515 705 3591 proiectus
721 3513 751 3656 ig
758 3527 883 3631 aequor
