2450 3932
389 219 439 292 111,
452 219 481 292 3,
493 217 606 290 ast-4,
622 216 672 284 10.

149 369 289 446 Spiritus,
304 377 338 432 et
348 369 442 431 Samii
458 375 531 431 sunt
541 375 607 430 ruta
619 369 702 432 dicta
716 370 810 444 senis,

109 453 187 514 luter
197 453 386 516 Sarmaticos
397 455 536 518 Romana
549 453 713 528 vagabitur
727 455 862 530 umbras,

146 537 267 615 Perque
278 539 365 600 leros
376 553 484 600 manes
499 537 624 613 hospita
638 554 762 616 semper
776 538 844 600 erit.

60 627 90 684 tl
110 620 184 682 Ossa
197 628 301 683 tamen
318 623 410 684 lecito
425 637 523 699 parva
536 623 707 683 referantur
721 623 752 684 in
768 639 856 684 urna.

149 703 200 766 Sic
215 722 277 782 ego
289 723 351 770 non
368 706 459 768 etiam
475 713 616 768 mortuus
628 708 699 768 exul
714 723 780 768 ero.

108 787 172 850 lion
183 797 270 852 veut
280 790 342 852 hoc
354 791 527 866 qnisquam.
539 791 676 852 Fratrem
684 791 830 852 Thebana
840 797 1037 869 peremptum

147 871 449 950 Subpoeuittumulo
461 890 536 950 rege
548 880 672 936 vetante
684 889 784 939 soror.

109 955 207 1032 Atque
222 973 261 1020 ea
277 974 346 1020 cum
361 957 443 1020 loliis
456 964 488 1020 et
500 956 614 1020 amomi
628 959 757 1036 pulvere
768 957 874 1034 misce,

66 1045 94 1102 lu
147 1041 245 1117 Inque
256 1043 436 1105 suburbano
453 1042 578 1104 condita
587 1058 671 1119 pone
682 1044 763 1105 solo.

111 1123 252 1201 Quosque
264 1128 346 1204 leget
358 1143 468 1189 versus
480 1129 571 1188 oculo
586 1135 775 1204 properante
788 1125 897 1200 viator,

150 1209 361 1272 Grandibusin
385 1211 464 1272 tituli
485 1227 637 1272 marmore
650 1212 748 1272 coede
769 1210 872 1273 uotis:

112 1306 155 1351 mc
167 1319 175 1337 ·
185 1309 245 1356 noo
258 1327 266 1344 ·
280 1303 452 1365 emmeno
465 1328 473 1344 ·
486 1311 794 1358 rumoonuu·cuson
813 1327 820 1342 ·
838 1309 969 1355 anonon

149 1391 268 1440 racemo
282 1416 289 1431 ·
303 1395 384 1440 rann
402 1409 410 1426 ·
427 1395 508 1442 naso
526 1411 535 1428 ·
550 1395 648 1441 roura
664 1416 673 1433 ·
687 1395 750 1441 nro
977 1383 1037 1451 [sm

69 1465 97 1521 lb
114 1475 650 1531 ar·rm1·ou1.rnnnsrsmre-sm·
664 1476 1035 1532 oanvc·purspu1s·nun·

136 1546 252 1604 'orcenn
264 1580 271 1596 ·
282 1563 414 1608 nnsonrs
428 1562 595 1607 -uoocrrnn
608 1576 616 1595 ·
630 1565 708 1609 ossa
720 1581 728 1596 ·
741 1562 851 1606 cucunr

114 1626 175 1689 Hoc
187 1628 263 1690 satis
280 1628 310 1690 in
329 1629 414 1692 titulo
431 1637 489 1692 est.
528 1629 639 1692 etenim
656 1631 773 1693 maiora
790 1629 883 1692 libelli

153 1713 189 1774 llt
208 1713 350 1775 diuturna
364 1713 462 1791 magis
478 1722 551 1776 sunt
564 1712 752 1776 monimenta
767 1713 847 1790 mihi,

115 1795 190 1869 Quos
206 1813 264 1874 ego
281 1799 422 1875 confido,
440 1798 580 1876 quamvis
603 1814 753 1871 nocuere,
772 1799 900 1859 daturos

64 1884 93 1938 tu
150 1880 262 1942 Nomen
278 1890 310 1944 et
324 1881 442 1944 auctori
453 1889 593 1960 tempora
605 1884 698 1959 longa
712 1897 781 1944 suo.

114 1963 153 2022 Tu
166 1969 265 2026 tamen
285 1965 421 2028 extincto
436 1967 542 2028 feralia
559 1983 685 2028 munera
699 1982 824 2043 semper

149 2047 253 2126 Deque
266 2049 328 2111 tuis
343 2049 479 2112 lacrimis
494 2049 619 2112 humide
634 2059 718 2112 serta
737 2051 819 2112 dato.

114 2129 247 2204 Quamvis
260 2132 291 2194 in
307 2132 427 2196 cineres
445 2150 560 2210 corpus
576 2135 741 2196 mutaverit
756 2132 845 2209 ignis,

150 2213 263 2278 Sentiet
277 2217 414 2279 officium
426 2225 544 2280 maesto
556 2218 658 2281 favilla
669 2218 764 2295 piurn.

68 2305 95 2358 85
113 2296 247 2362 Scribere
261 2301 353 2376 plura
368 2301 451 2363 libet.
480 2303 536 2365 sed
552 2319 616 2364 vox
630 2303 702 2363 mihi
718 2305 802 2363 lesse
816 2298 974 2376 loquendo

146 2380 285 2445 Dietandi
299 2384 383 2446 vires
396 2385 543 2462 siccaque
558 2388 662 2462 lingua
673 2392 775 2461 negat.

110 2465 220 2542 Accipe
234 2485 381 2544 supremo
397 2468 513 2530 dictum
527 2468 599 2530 mihi
612 2469 740 2532 forsitan
758 2485 822 2541 ore,

148 2549 249 2625 Quod,
263 2551 319 2613 tibi
334 2553 389 2628 qui
402 2552 505 2628 mittit,
521 2569 582 2616 non
600 2554 694 2614 habet
708 2551 790 2628 ipse,
807 2553 889 2612 valet

61 2695 93 2788 4ο
111 2697 219 2796 omini
231 2752 303 2798 care
315 2738 440 2813 quidem
456 2755 589 2814 semper,
602 2740 658 2800 sed
673 2745 814 2814 ternpore
829 2739 908 2798 duro

147 2819 280 2896 Cognite,
296 2838 348 2883 res
360 2827 527 2899 postquam
539 2823 733 2898 procubuere
749 2837 850 2882 meae:

22 2925 23 2960 π
109 2901 216 2965 Usibus
236 2905 351 2968 edocto
365 2904 390 2967 si
408 2906 571 2984 quicquam
585 2907 686 2969 credis
703 2906 812 2984 amico,

143 2985 222 3049 Vive
239 2989 293 3050 tibi
308 2997 339 3051 et
353 2992 446 3066 longe
462 2989 586 3052 nomina
600 3005 710 3066 magna
722 2992 805 3066 luge.

22 3089 23 3148 p
76 3077 90 3129 5
106 3070 177 3132 Vive
194 3071 258 3146 tibi,
276 3081 487 3150 quantumque
498 3081 591 3151 potes
605 3077 786 3150 praelustria
796 3070 872 3136 vita.

22 3159 23 3232 l
144 3153 276 3218 Saevum
289 3158 453 3234 praelustri
464 3160 579 3220 tulmen
593 3159 632 3219 ab
644 3175 717 3219 urce
728 3155 823 3218 uenit.

22 3277 23 3296 2
106 3238 175 3299 Nam
192 3257 381 3316 quamquam
394 3242 453 3302 soli
466 3251 600 3320 possunt
613 3243 767 3318 prodesse
784 3248 937 3318 potentes,

22 3323 23 3382 3
142 3323 208 3384 Non
220 3325 324 3402 prosit
334 3326 448 3402 potius,
461 3327 559 3403 siquis
573 3327 687 3388 obesse
698 3332 811 3401 potest.

22 3399 24 3480 i
104 3405 216 3484 Effugit
225 3409 373 3470 hibernas
385 3411 521 3472 demissa
532 3419 677 3472 antemna
688 3411 852 3486 procellas,

65 3496 92 3551 1⁰
137 3489 278 3570 betaque
293 3494 365 3570 plus
379 3492 486 3569 parvis
500 3497 572 3556 vela
587 3493 706 3556 timoris
717 3493 842 3553 habent
