2492 3926
192 241 253 304 306
583 239 607 297 F
614 236 838 298 ASTORUM

210 405 262 458 400
318 391 463 468 Adgemil
477 391 604 451 Alcides
619 389 870 466 Haemoniusque
888 379 973 465 puer.

274 480 347 554 lpse
364 485 465 537 lamen
479 474 575 534 leclas
591 473 759 548 Pagasaeis
775 475 903 534 collibus
918 473 1033 534 herbas

317 562 491 636 Temperat,
513 566 636 618 cluana
651 560 779 620 volnera
793 558 905 617 mulcet
923 573 993 633 ope.

274 645 367 707 Virus
382 644 463 704 edax
477 641 643 718 superabat
664 643 769 718 opem,
786 638 968 717 penitusque
982 649 1122 717 recepta

319 728 447 790 Ossibus
463 733 493 787 el
509 733 573 787 tolo
590 742 721 802 corpore
736 727 832 803 peslis
848 733 922 785 erat.

211 823 262 877 405
278 814 434 958 Safficine
449 811 589 872 Centauri
603 811 759 870 Lernaeae
774 809 899 886 sanguis
918 809 1074 869 echidnae

350 898 356 911 '
381 905 430 958 lus
446 896 486 956 ad
501 895 645 956 auxilium
660 903 798 971 tempora
816 895 897 954 nulla
912 893 1013 953 dabat.

167 1017 176 1030 ι
276 982 396 1057 Stabat,
416 989 449 1043 ul
463 987 533 1040 anle
549 987 680 1054 panem,
701 979 832 1038 lacrimis
853 979 996 1054 perfusus
1010 977 1178 1039 Achilles.

318 1066 370 1127 Sic
386 1064 508 1126 flendus
523 1063 647 1141 Peleus,
668 1063 694 1123 si
709 1070 892 1135 moreretur,
909 1069 982 1121 erat.

276 1149 382 1226 Saepe.
395 1165 504 1210 manus
524 1164 634 1223 aegras
651 1147 790 1207 manibus
806 1145 940 1221 fingebat
953 1145 1064 1206 amicis

212 1243 265 1298 410
318 1235 454 1306 Morum,
473 1248 551 1314 quqs
566 1232 653 1305 lecit,
670 1230 806 1307 praemia
821 1231 930 1291 doclor
943 1229 1071 1290 habel...

277 1316 389 1379 Oscula
403 1331 499 1391 saepe
515 1315 609 1375 dedit.
640 1315 716 1375 dixil
731 1331 856 1392 quoquc
871 1331 966 1390 saepe
979 1315 1117 1376 iacenti:

315 1403 422 1476 ‘Vive,
441 1415 566 1477 precor,
582 1415 639 1460 nec
654 1413 717 1473 me,
736 1415 820 1473 care,
835 1400 988 1473 relinque,
1005 1405 1135 1473 palerl’

275 1488 362 1549 Nona
378 1485 445 1546 dies
462 1486 581 1556 aderat,
599 1499 667 1543 cum
684 1490 730 1558 lu,
752 1483 918 1545 iustissime
932 1482 1053 1558 Chiron,

317 1571 371 1632 Bis
386 1576 504 1646 septem
519 1567 615 1628 slcllis
631 1582 764 1644 corpora
778 1568 895 1629 cinctus
911 1582 988 1626 cras.

556 1699 587 1762 4.
610 1702 689 1780 [nc]
735 1700 765 1762 5.
787 1702 843 1763 nc

211 1833 262 1888 llo
276 1824 364 1884 Hunc
377 1824 459 1902 Lyra
474 1837 569 1884 curva
584 1821 673 1896 sequi
689 1830 825 1898 cuperet.
854 1823 911 1883 sed
925 1821 1038 1883 idonea
1052 1825 1204 1886 nondum

317 1909 371 1968 Esl
384 1908 443 1968 via.
474 1922 536 1968 nox
551 1914 654 1982 apium
670 1906 758 1966 lerlia
770 1913 892 1984 tempus
908 1907 972 1968 erit.

646 2041 675 2102 6.
698 2041 752 2102 FC

276 2160 424 2234 Scorpius
439 2158 470 2218 in
490 2161 591 2232 caclo,
608 2175 676 2219 cum
692 2176 762 2221 cras
777 2160 935 2222 lucescere
949 2162 1053 2223 Nonas

316 2242 468 2318 Dicimus,
489 2242 624 2302 amedia
641 2253 728 2320 parlc
745 2251 866 2306 nolalus
882 2246 946 2305 erit.

349 2373 380 2438 7.
403 2378 427 2438 G
448 2375 592 2437 NON·N
635 2376 664 2439 8.
686 2379 743 2440 HF
787 2379 817 2440 9.
839 2377 1035 2440 Anam-N

274 2497 352 2558 Hinc
365 2497 417 2558 ubi
432 2498 591 2573 protulerit
605 2499 742 2559 lormosa
755 2507 802 2559 ter
815 2498 974 2574 Hesperus
993 2515 1057 2574 ora,

208 2592 261 2646 lac
316 2581 374 2642 Ter
390 2581 530 2642 dederint
542 2581 668 2644 Phoebo
686 2582 790 2644 sidera
805 2583 886 2644 ricla
900 2583 1009 2656 locum,

229 2715 234 2722 .
275 2666 363 2726 Ritus
379 2667 435 2726 crit
449 2665 578 2740 veleris,
594 2674 743 2728 nocturna
757 2667 913 2741 Lemuria,
928 2666 1017 2728 sacri.

316 2749 443 2809 lnlerias
458 2748 557 2810 tacitis
572 2751 713 2813 manibus
729 2752 780 2812 illa
793 2751 917 2812 dabunt.

272 2831 383 2893 Annus
399 2839 464 2896 erat
478 2834 616 2909 brevior,
632 2851 691 2897 nec
706 2836 808 2896 adlme
824 2837 875 2912 pia
890 2835 996 2897 lebrua
1011 2847 1142 2914 noram,

314 2915 377 2977 Nec
393 2925 425 2980 lu
439 2919 502 2981 dux
517 2934 671 2995 mensum,
688 2921 760 2981 Iane
774 2919 928 2995 biformis,
945 2935 1030 2980 crass

205 3007 258 3064 425
273 3000 337 3060 lam
350 3006 452 3064 lamen
467 3003 598 3066 extincto
615 3005 708 3066 cineri
723 3021 781 3066 sua
794 3005 878 3065 dona
891 3005 1038 3081 lerebanl,

317 3083 548 3164 compositique
562 3105 661 3164 nepos
675 3089 766 3150 busca
783 3089 889 3165 piabat
902 3089 961 3150 avi.

272 3167 388 3230 Mensis
408 3181 473 3234 erat
485 3172 601 3247 Maius,
616 3174 764 3234 maiorum
778 3174 902 3234 nominc
918 3173 1025 3246 dictus,

317 3252 372 3327 Qui
386 3264 504 3331 partem
518 3257 612 3333 prisci
626 3274 708 3319 nune
729 3273 853 3334 quoque
868 3257 962 3318 moris
978 3256 1081 3317 habel.

274 3338 343 3398 Nox
358 3338 409 3400 ubi
429 3340 489 3400 iam
503 3341 604 3402 media
619 3349 679 3418 est,
696 3357 869 3418 somnoque
884 3342 1005 3402 sllcnlia
1019 3340 1173 3420 praebet,

208 3425 261 3481 460
316 3422 354 3483 El
368 3425 453 3486 canis
469 3431 498 3486 el
513 3425 614 3485 variae
629 3426 817 3488 conlicuislis
832 3443 918 3502 aves,

272 3505 327 3565 llle
342 3523 458 3570 memor
472 3509 584 3587 veleris
599 3510 673 3571 ritus
688 3510 874 3587 timidusque
890 3512 1018 3571 deorum
