2394 3940
367 249 418 325 ΙΙΙ,
438 247 467 322 l,
490 245 625 310 23-95.

86 403 262 478 credamini,
280 401 422 478 quotiens
438 401 572 464 laudaris
588 399 722 466 carmine
736 407 852 477 nostro,

118 490 167 564 Qui
180 488 252 562 legit
265 487 324 552 has
337 486 455 559 laudes,
477 501 515 546 an
531 501 677 558 mereare,
700 494 797 562 rogat.

84 575 171 648 thue
183 573 287 636 savera
301 585 372 630 reor
386 569 490 646 piures
504 569 665 635 virtutibus
680 571 757 645 istis,

118 658 226 718 Statua
241 670 302 714 non
318 669 438 728 paucae
453 669 581 728 carpere
592 655 672 720 iaota
688 655 799 715 volent.

56 743 172 817 uouere
184 747 216 802 tu
230 745 363 814 praesta,
387 754 425 802 ue
440 738 532 798 Livor
546 737 649 801 dioere
664 741 764 814 possit

117 827 203 885 ‘Haec
218 828 266 884 est
281 838 337 901 pro
351 822 456 885 miseri
470 822 552 882 lenta
567 823 664 882 salute
680 824 758 884 viri!

86 911 206 986 tumque
218 923 276 982 ego
293 905 444 981 deficiam,
465 923 522 968 neo
538 906 656 983 possim
671 908 784 968 ducere
799 924 928 984 currum,

117 993 170 1054 Fae
182 1000 215 1053 tu
229 991 384 1055 sustineas
400 991 500 1052 dentre
515 992 582 1052 sota
596 991 708 1066 iugum.

86 1079 126 1138 Ad
137 1076 284 1138 medicum
299 1083 406 1152 speeto
421 1075 510 1136 venis
525 1075 710 1150 fugientibus
726 1091 832 1152 aeger:

58 1171 81 1226 to
120 1162 222 1223 Ultima
236 1177 310 1238 pars
326 1161 444 1222 animae
459 1160 531 1220 dum
545 1159 618 1220 mibi
631 1167 734 1233 restat,
754 1162 841 1224 ades.

86 1246 219 1322 Quodque
233 1261 291 1322 ego
308 1252 506 1322 praestarem,
528 1245 555 1305 si
568 1250 598 1305 te
612 1245 709 1320 magis
724 1245 792 1320 ipse
807 1249 950 1322 vaterem,

116 1329 146 1390 ld
158 1330 238 1403 1111111,
261 1345 329 1389 eum
345 1331 451 1391 valeas
465 1328 573 1390 fortius
588 1327 666 1403 ipsa,
690 1329 780 1389 refer.

85 1414 169 1488 Exigit
181 1414 242 1474 hoo
257 1413 383 1474 socialis
399 1429 485 1472 arnor
499 1413 671 1488 foedusque
686 1414 838 1475 maritum:

117 1497 246 1559 Moribus
262 1498 332 1573 hoo,
354 1496 497 1572 coniunx,
519 1497 617 1572 exigis
633 1497 701 1574 ipsa
715 1498 784 1557 tuis.

58 1582 141 1645 ttHoo
155 1583 256 1644 domui
270 1581 377 1656 debes,
401 1581 440 1641 de
456 1599 518 1656 qua
533 1583 679 1656 censeris,
700 1588 733 1643 ut
747 1581 829 1644 iilam

115 1665 173 1726 Non
191 1666 289 1743 inagis
306 1665 417 1726 oiiioiis
433 1682 523 1740 quarn
539 1667 689 1742 probitate
703 1668 798 1728 colas.

87 1750 182 1812 Curata
195 1752 268 1812 lieet
281 1751 387 1824 iacias,
407 1750 465 1811 nisi
481 1751 541 1810 eris
557 1749 718 1810 laudabitis
733 1767 820 1826 uxor,

116 1835 174 1895 Non
190 1836 301 1912 poterit
316 1834 399 1894 erodi
414 1834 529 1894 Mareia
544 1836 624 1895 onita
637 1832 701 1894 tibi.

87 1919 135 1978 Nee
147 1936 250 1982 sumus
266 1919 392 1994 indigni.
426 1934 492 1994 nee,
513 1920 539 1978 si
554 1918 601 1978 vis
616 1935 690 1978 vera
705 1918 800 1993 fateri,

59 2011 83 2064 to
120 2003 246 2066 Debetur
260 2003 375 2064 meritis
390 2003 487 2078 gratia
501 2003 585 2064 nulia
598 2003 684 2062 ureis.

87 2087 217 2149 Redditur
230 2089 282 2148 iiia
298 2087 422 2164 quidem
437 2088 545 2162 grandi
564 2103 632 2147 enrn
648 2088 753 2147 fenore
767 2085 866 2161 nobie,

118 2171 171 2231 Neo
184 2181 224 2246 te,
248 2173 274 2232 si
291 2172 402 2247 cupiat,
425 2172 548 2232 laedere
562 2187 667 2232 rumor
681 2171 782 2232 habet.

89 2253 136 2316 Sed
149 2263 247 2320 tamen
263 2257 323 2318 hoc
339 2255 428 2316 iactis
444 2255 577 2330 adiunge
591 2256 745 2331 prioribus
759 2270 861 2328 unum,

118 2339 167 2400 Pro
181 2341 296 2402 nostris
310 2347 344 2401 ut
358 2340 402 2400 sis
417 2338 579 2400 ambitiosa
592 2340 690 2400 malis.

61 2422 119 2482 ttdt
129 2425 223 2487 minus
237 2426 350 2486 intesta
365 2424 482 2484 iaoeanr
496 2423 637 2499 regione,
660 2420 781 2482 labora=

119 2507 225 2570 clauda
238 2525 296 2570 neo
311 2507 405 2570 offleii
419 2523 492 2584 pars
508 2508 564 2569 erit
578 2508 640 2568 utta
653 2505 706 2567 tui.

88 2589 180 2666 Magna
194 2601 275 2669 peto,
296 2594 354 2655 sed
369 2608 429 2653 non
444 2599 545 2652 tamen
560 2590 714 2652 invidiosa
727 2586 859 2664 rogantb

118 2675 210 2754 thue
224 2693 262 2738 ea
277 2695 339 2739 non
354 2684 469 2749 teneas,
491 2681 555 2738 tuta
569 2676 695 2751 repulse
708 2682 759 2735 tua
774 2678 830 2733 est.

88 2757 136 2819 Nee
148 2762 218 2822 mihi
233 2772 394 2838 succense,
413 2761 525 2822 totiens
540 2760 568 2820 si
583 2761 715 2820 carmine
730 2764 836 2819 nostro

60 2844 83 2898 tt
122 2843 203 2918 Quod
218 2847 305 2922 ineis,
327 2853 360 2906 ut
374 2845 480 2920 iaoias,
502 2853 593 2920 teque
608 2845 734 2915 imitere,
757 2855 844 2916 rogo.

86 2924 209 2991 Fortibus
224 2930 364 2992 assuevit
375 2929 497 2991 tubicen
513 2929 674 3005 prodesse.
710 2941 829 3001 suoque

118 3011 179 3082 Dux
194 3015 273 3074 bene
288 3014 453 3091 pugnantis
468 3013 571 3074 incitat
586 3029 639 3074 ore
652 3012 748 3075 viros

27 3159 28 3170 χ
86 3092 150 3155 Nota
163 3104 213 3160 tue
227 3106 276 3160 est
289 3099 426 3175 probitas
443 3105 615 3172 testataque
629 3102 750 3172 ternpus
766 3095 796 3154 in
811 3107 916 3152 ornnes

119 3177 161 3240 Sit
174 3183 268 3244 virtus
283 3183 374 3244 etiarn
389 3197 450 3243 non
466 3181 617 3258 probitate
631 3181 739 3240 minor.

27 3311 29 3348 p
58 3259 141 3322 itNon
153 3265 205 3327 tibi
218 3266 390 3328 Amazonia
404 3271 452 3327 est
466 3283 522 3342 pro
538 3281 587 3324 me
602 3265 752 3326 sumenda
766 3260 893 3334 securis,

27 3363 29 3372 ’
118 3348 176 3411 Aut
189 3352 296 3412 excise
309 3351 370 3410 levi
386 3352 468 3426 pelta
482 3349 618 3426 gerenda
631 3365 733 3412 manu.

27 3451 29 3508 3
85 3427 186 3493 Numen
202 3435 394 3497 adorandum
410 3443 465 3496 est
498 3449 560 3495 non
574 3438 607 3494 ut
620 3433 693 3493 1111111
707 3433 760 3492 fiat
775 3428 924 3504 amicoru'

27 3535 29 3600 t
118 3512 177 3578 Sed
191 3519 229 3580 sit
241 3525 277 3582 ut
289 3519 407 3594 iratum,
432 3535 523 3594 quarn
538 3517 592 3579 init
607 3524 685 3588 ante,
708 3515 817 3577 minus.
