2450 3932
406 223 457 299 tv,
480 221 509 300 l,
531 221 666 287 17—92.
995 222 1038 287 5⁹

71 380 206 456 ulloque
220 382 266 438 tot
279 376 424 438 adversis
439 378 601 453 cumulant,
618 384 692 453 quot
718 377 788 438 litus
804 391 926 453 arenae,

28 533 29 536 Ἴ
144 462 281 538 Quotque
296 461 408 521 fretum
423 461 537 536 pisces,
553 476 674 536 ovoque
689 461 785 536 piscis
799 461 901 522 hebet

109 547 182 622 llere
194 547 280 623 prius
298 544 405 619 flores
421 551 510 606 aestu
524 544 700 606 numerabis
716 546 836 621 aristas,

144 630 235 692 Poma
248 645 306 704 per
321 637 507 700 autumnum,
523 627 751 704 frigoribusque
766 629 864 702 nives,

112 713 195 788 Quam
209 715 300 787 malo,
316 728 398 789 quae
411 718 475 773 toto
490 712 590 787 patior
603 713 733 774 iactatus
748 713 777 772 in
795 712 878 786 orbe,

74 802 101 855 tt
143 798 218 858 llum
228 797 327 880 miser
340 795 452 856 Euxini
466 794 556 856 litora
569 797 658 855 loeva
670 802 754 870 peto.

112 881 166 942 Nec
178 889 289 956 tamen
304 887 339 941 ut
352 881 433 953 veni,
447 880 546 941 levior
561 880 683 940 lortune
697 881 847 940 malorum
862 885 924 940 estc
950 939 953 946 ,

144 964 207 1026 lluc
223 980 351 1040 quoque
365 970 437 1024 sunt
450 971 574 1025 nostras
589 965 652 1024 iate
666 970 773 1024 secuta
785 965 864 1024 vias.

112 1047 160 1108 llic
173 1063 298 1125 quoque
313 1063 472 1123 cognosco
488 1047 598 1110 natalis
614 1049 745 1108 stamina
759 1047 864 1120 nostri,

147 1131 278 1192 Stamina
292 1132 333 1193 da
348 1133 438 1208 nigro
454 1133 570 1193 vellere
585 1132 666 1192 lacta
676 1132 758 1192 mibi.

73 1223 100 1278 65
110 1215 201 1291 thue
213 1232 271 1276 nec
285 1216 416 1277 insidias
431 1216 603 1293 capitisque
616 1216 756 1292 pericula
768 1230 898 1292 narrem,

146 1301 226 1360 Vero
241 1299 375 1377 quidem,
390 1301 455 1360 veri
471 1302 529 1361 scd
543 1300 687 1376 graviora
700 1301 778 1362 ilde:
798 1359 800 1364 .

111 1383 214 1458 Vivere
229 1401 322 1460 quam
335 1385 481 1446 miserum
496 1393 543 1446 cst
557 1385 635 1444 inter
648 1385 829 1462 Bessosque
845 1384 999 1460 Getasque

145 1467 236 1543 Illum,
253 1467 305 1544 qui
320 1469 429 1544 populi
444 1483 567 1544 semper
581 1469 611 1528 in
628 1485 682 1530 ore
698 1470 768 1532 fuitt
1009 1537 1018 1548 ,

113 1549 199 1624 Quam
213 1553 358 1614 miserum
373 1559 429 1627 est
445 1559 536 1629 porta
548 1553 643 1615 vitam
655 1569 806 1630 muroque
820 1553 908 1628 tueri,

75 1639 101 1695 lo
144 1636 265 1711 Vixque
279 1635 328 1696 sui
344 1642 441 1696 tutum
455 1636 573 1697 viribus
588 1652 660 1698 esse
673 1638 749 1698 locit

109 1720 222 1794 Aspera
234 1719 358 1780 militiae
373 1719 492 1782 iuvenis
508 1721 674 1782 certamina
688 1721 761 1796 fugi,

139 1803 198 1862 Nec
212 1803 271 1864 nisi
286 1804 392 1864 lusura
405 1804 557 1866 movimus
572 1820 657 1863 arma
670 1820 771 1865 mona.

28 1927 29 1934 κ
107 1885 182 1946 Nunc
197 1887 301 1947 senior
314 1887 481 1964 gladioque
494 1889 574 1949 lotus
590 1895 742 1964 scutoque
756 1887 920 1964 sinistram,

143 1971 286 2032 Canitiem
301 1971 408 2048 galeae
422 1971 606 2049 subicioque
620 1987 728 2033 meam.

77 2052 177 2114 tollam
191 2055 277 2116 dedit
290 2057 450 2136 especnla
465 2063 572 2118 custos
586 2056 639 2116 ubi
654 2057 742 2134 sigua
755 2057 911 2133 tumultus,

142 2138 298 2200 luduimus
312 2139 433 2216 trepida
447 2141 588 2217 protinus
606 2157 691 2202 arma
704 2157 805 2205 manu.
917 2147 928 2158 '

107 2219 214 2297 Hostis,
235 2220 353 2284 babens
369 2240 459 2285 arcus
473 2224 649 2301 imbutaque
664 2226 725 2286 tela
740 2241 870 2299 veneno,

140 2305 258 2368 Saevus
272 2306 426 2370 anhelanti
440 2308 562 2370 moenia
576 2310 685 2370 lustrat
700 2327 790 2386 equo.

108 2387 202 2466 thue
215 2407 313 2467 rapax
327 2392 488 2468 pecudem,
511 2409 590 2469 quae
604 2408 667 2453 non
682 2409 717 2454 se
731 2394 806 2454 texit
820 2396 902 2471 ovili,

28 2481 29 2490 ¹
77 2477 104 2531 tt
147 2473 204 2534 Per
218 2482 293 2547 sate,
316 2491 372 2552 per
385 2477 480 2537 silvas
496 2477 615 2551 lertque
627 2476 780 2553 trahitque
794 2479 900 2552 lupus=

108 2554 162 2632 Sic,
183 2557 303 2633 siquem
315 2560 453 2620 nondum
466 2567 624 2636 portarum
638 2576 714 2636 sepe
727 2568 883 2637 receptum

139 2640 293 2704 Barbarus
307 2643 338 2703 in
354 2645 470 2721 campis
485 2644 621 2721 repperit
633 2645 741 2720 hostis,
765 2646 835 2722 agit.

105 2724 161 2786 Aut
175 2725 314 2800 sequitur
329 2735 438 2804 captus
453 2729 654 2806 coniectaque
670 2730 792 2791 vincula
806 2731 886 2792 collo

141 2809 272 2886 Accipit,
293 2819 345 2874 eut
359 2813 419 2872 telo
437 2813 522 2874 virus
537 2807 670 2874 habente
684 2815 771 2890 perit.

28 2929 29 2976 3
73 2891 158 2953 ttHic
173 2910 232 2970 ego
248 2897 397 2957 sollicitae
412 2895 499 2958 iaceo
514 2913 615 2958 novus
630 2897 731 2959 incola
744 2899 846 2959 sedis=

137 2977 208 3038 Heu
220 2977 346 3041 nimium
361 2980 413 3041 lati
427 2988 567 3058 tempora
580 2982 663 3042 lente
674 2981 748 3042 mei!

28 3067 30 3108 l
104 3059 138 3119 lit
148 3068 253 3124 tamen
267 3064 308 3125 ad
323 3081 468 3126 numeros
484 3065 670 3142 antiquaque
685 3082 775 3127 sacra
789 3066 901 3127 reverti

28 3113 30 3208 l
142 3143 279 3209 Sustinet
292 3148 323 3208 in
338 3149 430 3212 tantis
444 3150 568 3227 hospita
582 3149 671 3211 Musa
685 3151 789 3210 malis!

28 3243 30 3270 t
102 3226 160 3289 Sed
182 3245 284 3306 neque
300 3232 352 3300 oui
372 3234 512 3309 recitem,
535 3233 698 3310 quisquam
720 3241 781 3308 est,
804 3249 874 3296 mea
894 3230 1038 3306 carmina,

28 3313 30 3370 l
73 3313 99 3370 to
142 3313 278 3376 Auribus
294 3317 426 3392 accipiat
439 3317 535 3378 verba
548 3318 655 3379 Latina
669 3317 743 3378 suis.
903 3316 972 3393 [nec
987 3313 1038 3390 qui

28 3449 30 3466 ,
103 3393 171 3470 lpse
185 3397 292 3460 milri...
309 3402 383 3476 quid
398 3402 478 3462 enim
493 3402 660 3462 laciamt...
676 3401 842 3476 scriboquo
855 3400 997 3474 lcgoque

139 3479 278 3558 Tutaque
293 3483 407 3548 iudicio
422 3486 520 3547 littera
534 3493 640 3548 nostra
653 3501 710 3547 suo
726 3490 783 3546 est.
