2394 3940
312 237 339 309 1,
364 233 398 309 l,
419 231 537 310 ili-a,
561 233 612 296 25.

57 387 134 450 lister
150 397 183 449 ut
202 388 321 450 occulta
342 386 444 446 vitiata
461 387 597 448 teredine
612 390 710 464 navis,

24 477 46 536 lo
87 473 234 548 Aequorei
249 471 395 546 scopulos
411 477 444 532 ut
464 478 554 530 cavat
570 471 653 531 unda
672 473 763 534 salis:

57 555 167 616 Roditur
180 563 212 616 ιιι
228 555 339 616 scabra
353 555 486 629 positum
501 553 640 630 rubigine
660 556 782 632 serrum,

90 639 228 700 Conditus
247 646 281 700 ut
295 638 394 698 lineae
413 636 549 713 carpitur
568 654 621 699 ore
637 638 729 698 libert

58 720 98 780 Sic
109 739 173 783 mea
192 729 360 799 perpetuos
379 735 520 782 curarum
534 729 661 797 pectora
675 739 809 798 morsus,

88 804 154 866 Fine
169 806 280 882 quibus
297 807 378 866 nullo
395 805 609 879 conficiantur,
630 805 753 866 habent.

27 888 106 950 lollee
120 891 202 964 prius
222 891 254 948 hi
272 896 404 950 mentem
421 890 550 965 stimuli,
571 905 663 964 quam
684 891 746 951 vita
759 891 924 968 relinquet:
1021 932 1024 938 .

91 971 197 1048 Quique
213 974 310 1045 dolet,
332 973 419 1034 eitius
437 989 530 1048 quam
544 973 633 1033 dolor
651 974 722 1049 ipse
741 975 848 1034 cadet

58 1057 109 1116 Hoc
123 1056 192 1116 mihi
207 1059 234 1118 si
249 1057 367 1132 superi,
389 1073 519 1133 quorum
534 1073 639 1118 sumus
655 1058 770 1132 omnia,
790 1059 923 1132 credent,

87 1139 218 1201 Forsitan
233 1140 344 1216 exigna
363 1140 474 1216 dignus
493 1139 631 1202 habebor
646 1157 716 1216 ope,

56 1223 134 1299 inque
148 1226 249 1286 locum
267 1223 412 1302 Scythico
431 1240 560 1285 vacuum
575 1223 715 1284 mutabor
734 1223 773 1284 ab
788 1241 870 1286 arcu.

25 1312 46 1364 il
85 1306 148 1368 Plus
161 1309 237 1381 isto,
254 1309 337 1384 duri,
353 1308 379 1368 si
394 1323 516 1383 precer,
534 1307 598 1367 oris
613 1322 676 1367 ero.

408 1453 563 1461 -—-—-

23 1489 49 1577 2·
91 1527 278 1588 unxrmo.

58 1605 192 1722 Maxime,
210 1649 263 1725 qui
278 1650 351 1711 tanti
367 1665 541 1712 mensnram
560 1650 692 1712 nominis
710 1650 829 1726 imples,

18 1801 22 1822 ι
88 1729 268 1806 Etgeminos
283 1734 374 1794 animi
388 1733 545 1795 nobilitate
564 1749 676 1809 genns=

57 1809 98 1882 Qui
112 1817 193 1876 nasci
214 1824 248 1877 ut
260 1833 387 1892 posses,
409 1818 549 1894 quamvis
568 1817 708 1876 cecidere
723 1815 858 1888 trecenti,

87 1895 144 1958 Non
163 1915 271 1960 omnes
286 1901 398 1963 Fabios
416 1899 541 1962 abstulit
553 1917 615 1961 una
633 1901 717 1960 dies=

37 1977 175 2043 nlorsitan
192 1985 271 2044 haee
286 2003 305 2046 a
321 2002 381 2061 quo
401 1985 534 2046 mittatur
551 1984 682 2060 epistola
696 1998 837 2060 quaeras,

89 2064 216 2140 Quisque
230 2069 339 2144 loquar
353 2076 469 2143 tecum,
488 2069 600 2129 certior
614 2084 686 2130 esse
701 2067 789 2128 velis.

54 2143 80 2203 Ei
93 2149 171 2208 milri!
191 2151 267 2226 quid
281 2153 411 2212 iaeiamt
441 2167 566 2224 vereor,
587 2168 626 2212 ne
645 2151 768 2214 nomine
784 2152 862 2210 lecto

36 2231 47 2281 8
88 2230 179 2293 Durus
194 2241 227 2294 et
237 2250 348 2294 aversa
362 2242 463 2296 cetera
479 2242 579 2296 mente
597 2238 693 2312 legas.

27 2317 47 2366 ιι
57 2310 171 2376 Videris.
201 2318 324 2379 audebo
339 2319 391 2379 tibi
406 2336 455 2379 me
471 2319 636 2396 scripsisse
651 2320 737 2379 lateri

55 2477 110 2552 Qui,
125 2497 191 2544 oum
211 2501 261 2544 me
280 2500 381 2560 poena
396 2486 521 2561 dignum
535 2485 676 2561 graviore
691 2485 786 2544 luisse

84 2563 242 2643 confitear,
258 2584 387 2643 possum
402 2571 453 2629 vix
470 2570 614 2644 graviora
628 2569 699 2643 pati.

24 2647 43 2698 li
53 2643 181 2710 Hostibus
196 2652 229 2710 in
245 2652 353 2714 mediis
374 2653 513 2728 interque
533 2653 671 2728 pericula
686 2667 802 2725 versor,

82 2731 241 2810 Tamquam
261 2751 331 2796 cum
344 2736 441 2812 patria
458 2752 520 2811 pax
536 2736 575 2799 sit
593 2736 736 2812 adempto
750 2733 836 2794 mihi=

15 2877 16 2880 ,
51 2810 224 2888 totnonis
240 2835 337 2879 saevo
356 2820 510 2895 geminent
527 2827 560 2880 ut
579 2820 703 2882 vulnere
717 2834 837 2892 causas,

82 2896 180 2961 Omnia
194 2904 323 2978 vipereo
340 2904 461 2978 spicula
477 2904 548 2962 lelle
564 2904 669 2964 linunt.

49 2977 89 3039 llis
103 2998 198 3057 eques
218 2986 385 3048 instructus
398 2989 558 3062 perterrita
575 2986 697 3046 moenia
710 2983 831 3046 lustrat

15 3061 40 3116 ‚lo
79 3063 158 3126 More
174 3069 239 3144 lupi
260 3071 382 3132 clausas
398 3071 613 3131 circumeuntis
628 3085 713 3130 oves.

47 3145 77 3205 rit
90 3153 183 3211 semel
200 3153 333 3214 intentus
347 3169 443 3214 nervo
458 3154 536 3214 levis
553 3169 642 3214 arcus
657 3153 769 3228 equino

76 3231 204 3298 Vincula
219 3251 343 3310 semper
355 3235 473 3296 habens
494 3237 662 3298 inresoluta
676 3243 787 3296 manet.

46 3309 117 3375 lecta
130 3320 234 3394 rigent
246 3319 318 3380 fixis
332 3321 426 3381 veluti
442 3322 554 3380 vallata
568 3321 695 3395 sagittis,

15 3427 17 3440 2
73 3397 223 3478 Pomaque
242 3403 296 3462 vix
311 3404 400 3464 firma
413 3411 584 3464 summovet
598 3419 682 3462 orma
699 3419 778 3463 sera.

15 3474 117 3552 liiidie
131 3486 196 3546 loci
212 3485 322 3548 taciem
336 3501 394 3546 neo
413 3487 522 3547 fronde
538 3503 594 3546 nec
614 3488 723 3546 arbore
741 3483 820 3558 laeti,

713 3567 752 3630 8*
