2492 3926
192 261 254 323 290
577 255 601 315 F
607 255 832 318 ASTORUM

207 421 259 480 765
274 411 359 471 Neve
374 409 475 470 minus
491 409 602 470 multos
617 408 769 483 redigam,
792 425 882 484 quam
897 425 987 468 mane
1004 411 1138 471 luerunt

313 494 397 554 Neve
413 488 533 569 gemam
548 493 685 552 reterens
701 493 818 552 vellera
831 499 921 568 rapta
934 493 1021 568 lupo.

273 577 364 637 Absit
377 577 483 653 iniqua
498 577 604 636 lantes.
634 575 749 635 herbae
764 575 954 651 frondesque
970 579 1152 654 supersint,

317 661 464 738 Quaeque
478 661 582 720 lavent
596 667 694 732 artus,
712 675 857 735 quaeque
871 659 1030 737 bibantur,
1049 680 1172 740 aquae

273 743 376 806 Ubera
390 747 482 822 plena
497 759 643 820 premam.
674 744 788 803 referat
803 743 874 803 mihi
890 759 1002 805 caseus
1018 762 1110 822 aera,

211 835 267 891 770
322 830 464 906 Demque
477 829 558 888 viam
575 827 692 902 liquido
708 827 823 886 vimina
837 844 908 888 rara
927 843 1008 889 sero.

276 911 383 988 Sitque
397 915 485 973 salax
500 913 597 983 aries,
613 917 826 986 conceptaque
842 911 960 972 semina
974 914 1121 976 coniunx

316 998 451 1071 Reddat,
467 998 541 1057 etin
556 995 676 1056 stabulo
692 993 787 1055 multa
803 995 843 1054 sit
857 1011 938 1070 agna
952 1012 1032 1058 meo.

274 1079 421 1156 Lunaque
435 1081 597 1156 proveniat
611 1080 709 1139 nullas
724 1079 847 1138 laesura
864 1080 989 1154 puellas,

316 1164 417 1224 Mollis
433 1171 463 1225 et
477 1165 517 1224 ad
530 1172 652 1224 teneras
668 1163 834 1238 quamlibet
848 1170 921 1238 apta
934 1179 1056 1226 manns.

212 1249 262 1306 ⁷75
278 1246 361 1320 Quae
376 1263 501 1324 precor,
518 1247 669 1309 eveniant.
700 1253 729 1306 et
743 1263 803 1306 nos
818 1246 965 1308 iaciamus
980 1251 1022 1309 ad
1038 1267 1161 1312 annum

316 1331 477 1392 Pastorum
493 1331 637 1391 dominae
651 1331 781 1406 grandia
795 1331 858 1390 liba
871 1329 959 1390 Pali?

274 1413 329 1475 liis
345 1416 405 1475 dea
419 1416 572 1490 placanda
587 1421 643 1476 est.
674 1415 751 1474 haec
766 1420 799 1474 tu
814 1429 985 1476 conversus
1000 1417 1041 1477 ad
1059 1425 1155 1478 ortus
1235 1435 1236 1496 t

315 1499 371 1560 Dic
387 1506 510 1574 quater,
527 1507 556 1558 et
572 1499 642 1559 vivo
658 1501 765 1574 perlue
779 1513 850 1558 rore
865 1514 984 1559 manus.

274 1584 348 1642 Tum
363 1583 433 1643 licet
447 1583 604 1659 adposita,
622 1583 713 1642 veluti
729 1588 864 1656 cratere,
881 1584 1009 1643 camella

210 1673 263 1729 780
317 1668 379 1728 Lac
395 1667 517 1728 niveum
532 1673 621 1743 potes
636 1681 885 1742 purpureamque
900 1683 1022 1743 sapam=

274 1749 411 1826 Moxque
425 1767 481 1827 per
494 1750 637 1811 ardentes
654 1750 786 1825 stipulae
800 1748 976 1826 crepitantis
992 1766 1137 1813 acervos
1236 1787 1237 1798 κ

317 1833 452 1894 traicias
468 1834 560 1895 celeri
575 1841 701 1894 strenua
720 1833 857 1894 membro
871 1835 961 1910 pede.

275 1917 444 1994 Expositus
459 1934 526 1980 mos
543 1925 599 1978 est.
628 1917 724 1978 Moris
738 1917 810 1977 mihi
828 1925 924 1980 restat
938 1920 1034 1994 origo.

317 2002 418 2062 turba
433 2003 505 2062 lacit
519 2001 658 2076 dubium,
675 2007 847 2077 coeptaque
863 2011 968 2064 nostra
982 2010 1079 2063 tenet.

211 2095 263 2150 tae
280 2083 387 2145 Omnia
401 2093 511 2160 purgat
525 2086 607 2145 edax
622 2086 717 2160 ignis,
734 2085 903 2160 vitiumque
916 2087 1049 2147 metallis

314 2168 477 2243 Excoquit.
504 2168 621 2229 idcirco
637 2184 705 2229 curn
721 2169 800 2230 duce
813 2179 924 2245 purgat
938 2171 1030 2232 ovist

275 2255 338 2324 An,
357 2251 430 2327 quie
443 2257 620 2312 cunctarum
635 2253 787 2314 contraria
802 2254 921 2315 semina
933 2270 1035 2316 rerum

317 2334 395 2397 Sunt
409 2335 470 2396 duo
487 2335 664 2410 discordes,
680 2335 760 2412 ignis
776 2342 806 2396 et
820 2339 917 2414 unda,
934 2339 993 2410 dei,

275 2422 442 2482 iunxerunt
457 2421 606 2480 elementa
620 2427 740 2496 patres,
755 2426 923 2498 aptumque
938 2430 1088 2498 putarunt

212 2523 265 2578 790
319 2504 445 2580 Ignibus
460 2510 491 2565 et
507 2519 618 2580 sparsa
632 2511 757 2580 tangere
772 2520 886 2581 corpus
902 2514 1002 2583 aqna?

277 2593 341 2660 An,
359 2589 444 2664 quod
458 2590 488 2648 in
503 2588 552 2648 his
568 2588 651 2648 vitae
666 2596 838 2666 causaest,
853 2589 930 2650 haec
945 2591 1080 2666 perdidit
1100 2595 1186 2666 exul,

315 2673 371 2732 His
386 2688 468 2732 nova
482 2672 517 2732 iit
531 2672 679 2745 coniunx,
695 2672 773 2732 haec
788 2675 850 2734 duo
864 2689 976 2748 magna
990 2681 1129 2750 putante

273 2755 335 2816 Vix
351 2756 494 2829 equidem
509 2756 612 2815 credo.
644 2764 715 2816 sunt
729 2757 782 2832 qui
796 2757 984 2817 Phaethonta
998 2759 1113 2819 reterri

318 2837 449 2898 Credant
463 2845 493 2899 et
506 2839 615 2900 nimias
629 2840 827 2901 Deucalionis
843 2857 951 2916 aquas.

212 2935 263 2990 795
277 2922 352 2982 Pars
370 2939 510 2999 quoque,
526 2925 594 2985 curri
610 2924 695 2984 saxis
713 2931 854 3000 pastores
871 2940 948 2985 saxa
962 2923 1108 2998 lenibant,

320 3005 486 3068 Scintillam
503 3008 604 3069 subito
620 3008 802 3084 prosiluisse
816 3010 929 3069 lerunt=

275 3089 374 3150 Prima
389 3090 512 3165 quidem
526 3091 629 3168 periit,
646 3092 767 3167 stipulis
783 3101 915 3170 excepta
929 3093 1066 3154 secunda
1081 3102 1149 3157 est.

318 3173 385 3233 Hoc
400 3183 610 3250 argumentum
626 3175 749 3236 flamma
762 3175 869 3237 Parilis
884 3177 996 3237 habett

276 3258 324 3316 An
340 3259 438 3333 magis
457 3259 539 3319 hunc
554 3275 670 3320 morem
685 3259 784 3334 pietas
799 3261 918 3320 Aeneia
931 3260 1012 3336 iecit,

209 3348 264 3403 800
319 3341 486 3402 innocuum
502 3342 584 3403 victo
600 3343 649 3403 cui
665 3344 748 3404 dedit
761 3344 841 3418 ignis
857 3345 933 3405 iter‘t

274 3425 351 3485 Num
369 3432 469 3487 tamen
485 3432 533 3486 est
546 3443 620 3487 vero
636 3426 779 3503 propius,
796 3444 865 3490 curn
880 3428 1004 3490 condita
1017 3427 1130 3489 Roma
1144 3439 1205 3508 est,

315 3510 484 3571 Transierri
499 3510 605 3570 iussos
620 3511 650 3569 in
666 3527 747 3571 nova
761 3518 840 3571 tecta
855 3513 949 3574 Lares
