2450 3932
174 225 215 292 lb
562 222 789 287 TRISTIUM

186 388 220 442 25
234 377 468 458 Dicendumque
482 379 579 440 semel
593 384 657 439 toto
673 391 734 437 non
750 378 881 453 amplius
896 394 975 442 aevo

270 465 437 541 Accipere,
458 472 488 524 et
507 463 596 540 parili
611 461 743 522 reddere
756 476 852 537 voce,
866 465 958 525 valet

235 550 277 608 At
291 549 392 609 iecere
406 548 457 608 atii
471 548 556 609 nutto
577 547 650 607 mibi
665 545 792 606 foedere
806 546 911 623 iuncti,

165 623 172 638 '
275 632 314 694 Et
327 633 470 694 lacrimas
485 631 578 692 animi
592 631 682 706 signa
697 629 813 689 dedere
828 631 886 690 sui.

236 717 330 793 Quid,
346 719 406 777 nisi
421 715 564 778 convictu
582 713 750 789 causisque
765 715 939 777 valentibus
955 733 1061 780 essent

185 807 224 864 ito
250 811 257 820 ·
275 801 436 878 Temporis
452 809 482 862 et
497 800 581 875 tongi
596 799 717 859 vinctus
732 813 838 858 amore
853 799 929 860 tibit

236 884 330 961 Quid,
350 886 410 946 nisi
428 893 473 947 tot
483 887 570 945 lusus
587 890 618 944 et
631 890 676 944 tot
691 899 761 943 mea
779 883 862 943 seria
875 901 999 960 nosses,

276 970 331 1030 Tot
347 985 473 1030 nossem
487 969 575 1029 lusus
590 967 735 1042 seriaque
750 968 819 1043 ipse
833 975 906 1029 tuat

234 1052 328 1127 Quid,
345 1053 373 1114 si
388 1053 536 1115 duntaxat
549 1052 668 1112 Romae
682 1051 737 1112 tibi
751 1053 893 1128 cognitus
909 1069 1022 1130 essem,

276 1138 402 1198 Asoitus
423 1137 535 1198 totiens
550 1137 692 1212 ingenus
709 1152 800 1197 omne
819 1137 902 1197 loci?

187 1227 223 1283 35
239 1219 393 1282 Cunctane
407 1221 437 1281 in
452 1237 628 1296 aequoreos
642 1219 782 1282 abierunt
796 1220 881 1282 irrita
897 1230 1030 1283 ventos?

282 1305 435 1367 Cunctane
449 1305 593 1366 Lethaeis
608 1320 710 1365 mersa
726 1307 865 1366 seruntur
884 1307 995 1381 aquisa

237 1390 304 1451 Non
323 1405 382 1466 ego
396 1398 427 1452 te
441 1389 564 1468 placida
576 1390 711 1465 genitum
727 1404 799 1451 reor
812 1389 888 1450 urbe
903 1390 1029 1465 Quirini,

278 1472 376 1550 Urbe,
395 1491 465 1536 meo
481 1490 561 1550 quae
576 1473 636 1533 iam
651 1490 712 1533 non
732 1473 876 1534 adeunda
891 1476 972 1552 pede
986 1483 1043 1550 est,

242 1558 304 1620 Sed
320 1561 476 1637 scopulis,
495 1559 583 1619 Ponti
598 1572 680 1634 quos
694 1557 772 1618 haec
785 1557 879 1618 habet
893 1575 949 1620 ora
963 1559 1089 1636 sinistri,

191 1650 228 1704 4⁰
282 1643 380 1720 Inque
401 1644 474 1704 ieris
489 1641 637 1724 Scythiae
653 1640 893 1718 Sarmaticisque
907 1643 1004 1719 iugis:

239 1727 277 1788 Et
293 1735 345 1788 tuo
359 1737 432 1791 sunt
445 1729 541 1790 silicis
557 1726 670 1788 circum
687 1727 869 1804 praecordia
882 1745 992 1804 venae,

280 1812 320 1875 Et
338 1814 469 1891 rigidum
491 1814 563 1874 terri
582 1812 700 1872 semina
719 1817 828 1886 pectus
848 1810 956 1872 habet=
1212 1813 1213 1830 ³

239 1897 385 1972 Quaeque
404 1898 457 1960 tibi
478 1897 634 1974 quondam
654 1903 759 1956 tenero
780 1895 923 1957 ducenda
942 1899 1045 1973 palato

280 1981 374 2041 Plena
394 1981 478 2043 dedit
496 1981 596 2040 nutrix
615 1978 726 2052 ubera,
747 1979 833 2055 tigris
853 1988 932 2042 aratz

192 2071 226 2124 45
240 2066 302 2126 Aut
321 2067 401 2124 mala
419 2072 525 2124 nostra
544 2063 645 2123 minus
665 2079 759 2138 quam
778 2081 840 2125 non
860 2067 960 2126 aliena
979 2072 1118 2141 putares,

238 2163 240 2166 ·
287 2147 487 2223 Duritiaeque
505 2147 578 2207 mihi
598 2163 659 2207 non
680 2163 807 2222 agerere
826 2165 908 2210 reus.

242 2231 305 2291 Sed
325 2231 471 2306 quoniam
491 2231 609 2292 accedit
628 2231 771 2292 fatalibus
790 2232 850 2293 hoc
872 2249 997 2311 quoque
1017 2233 1154 2308 damnis,

275 2315 316 2376 Ut
336 2323 460 2376 careant
479 2315 613 2377 numeris
632 2323 773 2391 tempora
793 2317 891 2392 prima
910 2318 986 2392 suis,

239 2399 352 2474 Effice,
373 2401 491 2475 peccati
510 2417 550 2461 ne
570 2399 627 2460 sim
646 2415 763 2459 memor
782 2399 890 2477 huius,
911 2408 941 2462 et
959 2402 1011 2462 iilo

194 2493 229 2544 50
286 2483 426 2546 Officium
447 2486 584 2561 laudem,
606 2501 669 2560 quo
691 2491 818 2561 queror,
841 2501 894 2545 ore
914 2493 1007 2547 tuum.

181 2614 223 2713 9.
243 2615 346 2714 Betur
364 2655 549 2715 inoffensam
568 2656 650 2714 vitae
670 2655 724 2715 tibi
742 2662 869 2729 tangore
887 2658 1008 2727 metam,

284 2737 340 2810 oui
360 2739 438 2813 legis
458 2738 518 2800 hoc
538 2737 629 2799 nobis
649 2756 711 2799 non
732 2739 872 2798 inimicus
894 2753 984 2814 opus.
1040 2730 1044 2740 '

244 2822 346 2894 Atque
365 2823 480 2882 utinam
499 2840 555 2901 pro
575 2830 605 2884 te
625 2824 747 2900 possint
765 2839 834 2882 mea
853 2829 927 2883 vota
946 2822 1058 2894 valere,

285 2905 369 2978 Quae
389 2925 445 2982 pro
465 2924 514 2968 me
534 2909 629 2968 duros
650 2926 711 2969 non
731 2908 856 2982 tetigere
876 2907 967 2966 deos!
989 2905 997 2920 “

215 2988 351 3050 clionee
372 2992 432 3051 eris
454 2993 543 3064 felix,
564 2994 677 3054 multos
698 2990 873 3053 numerabis
894 2990 1026 3050 amicos=

285 3075 438 3151 Tempora
456 3076 484 3135 si
502 3078 614 3137 inerint
631 3077 751 3150 nubila,
773 3077 858 3136 solus
879 3075 950 3134 eris.

245 3156 387 3232 Aspicis,
407 3167 440 3219 ut
459 3162 583 3221 veniant
602 3162 641 3222 ad
663 3161 795 3222 candida
814 3167 894 3219 tecta
913 3154 1083 3229 columbae,

288 3242 430 3318 Accipiat
449 3245 547 3303 nullas
568 3247 697 3306 sordida
716 3244 806 3305 turris
827 3249 924 3302 aves?

245 3327 363 3387 Horrea
383 3327 528 3388 formicae
546 3329 675 3389 tendunt
692 3331 732 3388 ad
751 3328 854 3388 inania
873 3341 1050 3404 numquam.

202 3420 237 3472 10
291 3410 398 3473 Nuiius
419 3413 459 3472 ad
479 3413 610 3472 amissas
631 3413 685 3472 ibit
699 3413 816 3473 amicus
837 3427 924 3487 opes.

250 3495 350 3570 thue
371 3511 475 3558 comes
495 3497 601 3559 radios
620 3514 678 3574 per
698 3499 773 3558 solis
794 3495 935 3556 euntibus
956 3493 1064 3556 umbra
1083 3491 1146 3570 est,
