2492 3926
444 245 498 319 ill,
521 241 697 308 tut-858.
1013 247 1075 311 267

138 401 210 462 Neo
225 401 388 476 quisquam
404 396 497 460 invita
512 396 602 464 faciet
615 395 694 456 bene
709 397 829 457 vincula
845 398 966 473 plantae

185 483 327 554 Pallade,
352 481 392 540 sit
404 478 527 558 Tychio·
536 479 655 540 doctior
665 480 719 539 ille
733 482 810 540 lieet.

39 577 113 632 825
138 565 183 628 Et
198 568 270 628 licet
284 564 408 639 antiquo
423 562 563 623 manibus
579 564 718 624 conlatus
732 563 817 640 Epeo

112 719 117 730 ¹
186 650 233 711 Sit
246 650 345 726 prior,
365 649 442 708 irata
454 646 578 706 Pallade
593 662 719 708 nranous
735 649 799 708 erit.

139 736 215 795 Vos
230 746 368 808 quoque,
390 730 532 790 Phoebea
544 729 670 790 morbos
687 731 738 806 qui
753 731 864 805 pellitis
879 738 951 804 arte,

187 817 315 877 Munera
331 815 371 875 de
385 814 496 875 vestris
510 829 610 889 pauca
622 814 733 873 referte
748 814 834 873 deae.

139 901 212 961 Nec
227 915 297 972 vos,
320 897 408 958 turba
422 899 486 957 iere
500 912 596 958 censu
609 897 762 971 fraudata,
783 897 926 972 magistri,
1032 935 1073 946 -

40 994 113 1046 830
183 982 333 1058 Spernite.
363 981 531 1056 discipulos
548 979 668 1041 attrahit
682 980 733 1041 illa
747 995 856 1042 novos.

143 1065 266 1141 Quique
279 1077 387 1124 moves
407 1064 532 1135 coelum,
549 1063 745 1139 tabulamque
760 1064 914 1126 coloribus
929 1067 1001 1138 uris,

189 1149 308 1225 Quique
323 1148 398 1209 lacis
414 1147 505 1208 docta
520 1147 621 1206 mollia
637 1163 713 1208 saxa
727 1163 827 1208 manu.

141 1232 231 1292 Mille
244 1233 303 1292 dea
317 1237 364 1291 est
377 1245 514 1305 operum.
545 1237 627 1290 certe
642 1231 701 1290 deo
715 1231 856 1291 carminis
872 1231 922 1291 illa
937 1237 993 1291 est.

190 1315 225 1376 Si
239 1330 366 1388 mereor,
390 1313 498 1374 studiis
513 1313 594 1374 adsit
608 1313 706 1373 amica
720 1315 806 1375 meis.

42 1410 115 1466 835
139 1399 265 1460 Caelius
280 1399 394 1460 exalto
410 1411 471 1470 qua
485 1411 574 1458 mons
588 1396 748 1458 descendit
762 1399 791 1457 in
807 1413 945 1473 aequum,

187 1483 246 1543 Hic
257 1481 310 1543 ubi
325 1497 385 1542 non
401 1482 492 1556 plana
505 1487 562 1553 est
578 1480 635 1541 sed
651 1495 748 1556 prope
764 1482 855 1556 plana
867 1481 927 1556 via

139 1568 245 1627 Parva
259 1566 330 1626 lieet
343 1565 451 1625 videos
468 1563 581 1640 captae
603 1564 729 1626 delubra
743 1564 909 1637 Minervae,

189 1649 273 1724 Quae
288 1649 347 1709 dea
359 1649 451 1709 natali
468 1649 570 1724 coepit
583 1646 697 1709 habere
710 1665 778 1709 suot

140 1733 283 1794 Nominis
298 1733 328 1791 in
344 1732 437 1792 dubio
453 1748 548 1794 causa
562 1738 618 1792 est.
647 1733 781 1809 Capitale
795 1746 942 1793 vocamus
1039 1763 1044 1768 -

47 1828 120 1884 640
188 1816 345 1892 Ingenium
360 1816 478 1876 sollers.
508 1816 668 1891 ingeniosa
683 1816 741 1876 dca
756 1823 812 1876 est

140 1903 196 1962 An
216 1901 285 1974 quia
300 1899 339 1960 de
353 1899 461 1974 capitis
477 1901 572 1960 fertur
585 1899 652 1960 sine
666 1907 761 1960 matre
774 1899 891 1975 paterni

190 1983 315 2044 vertice
330 1999 396 2042 cum
412 1983 511 2058 clipeo
528 1983 708 2059 prosiluisse
723 1991 799 2044 suot

140 2071 196 2130 An
216 2067 285 2142 quia
299 2066 476 2141 perdomitis
490 2067 531 2126 ad
545 2082 604 2126 nos
618 2067 739 2143 captiva
753 2067 879 2127 Faliscis

185 2151 299 2209 Venit‘l
320 2149 422 2209 etheo
436 2151 535 2226 ipsum
550 2151 648 2211 littera
661 2150 763 2226 prisca
779 2152 877 2213 docet.

50 2247 120 2300 84⁵
139 2235 195 2296 Art
215 2234 296 2308 quod
312 2232 403 2292 habet
417 2236 528 2310 legem,
551 2235 659 2309 capitis
675 2249 754 2309 quae
770 2235 905 2309 pendere
920 2247 1035 2308 poenas

188 2317 236 2376 Ex
251 2318 302 2376 illo
317 2315 419 2376 iubeat
433 2318 510 2378 furta
524 2325 645 2393 reperta
660 2318 751 2378 locon

141 2404 174 2462 A
193 2416 384 2476 quatumque
398 2400 491 2462 trahis
507 2402 623 2461 ratione
638 2399 802 2474 vocabula,
823 2399 933 2471 Pallas,

189 2483 250 2543 Pro
265 2483 395 2544 ducibus
410 2485 522 2544 nostris
536 2485 646 2560 aegida
661 2499 784 2559 semper
797 2483 891 2543 habet

410 2617 460 2679 23.
486 2617 511 2678 B
532 2617 685 2678 TVBIL·
700 2617 735 2674 N>

144 2733 276 2794 Summa
291 2732 358 2794 dies
373 2749 392 2793 e
406 2733 541 2808 quinque
553 2732 642 2792 tubas
657 2733 787 2794 lustrare
802 2745 931 2792 canoras

52 2831 126 2885 850
192 2817 361 2890 Admonet,
381 2823 411 2877 et
425 2817 494 2876 iorti
509 2816 683 2877 sacrificare
698 2816 785 2876 deae.

142 2901 237 2961 Nunc
250 2907 339 2975 potes
354 2900 394 2960 ad
409 2902 505 2960 solem
520 2899 640 2960 sublato
656 2899 758 2959 dicere
773 2899 865 2971 voltu,

189 2983 260 3043 ‘llic
273 2983 347 3047 here
359 2982 507 3044 Phrixeae
520 2983 636 3043 vellera
650 2983 764 3058 pressit
781 2981 874 3043 ovis!

142 3067 325 3128 Seminibus
339 3068 430 3129 tostis
444 3069 612 3127 sceleratae
627 3065 736 3126 hande
750 3079 903 3127 novercae

190 3149 362 3212 Sustulerat
376 3151 475 3211 nullas
489 3157 522 3210 ut
535 3151 622 3224 solet,
643 3149 740 3210 herba
754 3163 869 3210 comas.

48 3247 117 3303 855
139 3233 275 3294 Mittitur
288 3233 328 3293 ad
341 3234 496 3309 tripodas,
520 3240 604 3293 certa
619 3249 669 3308 qur
684 3240 767 3293 sorte
781 3237 926 3307 reportet,

191 3316 289 3390 Quam
304 3318 397 3378 sterili
411 3325 510 3378 terrac
524 3315 690 3391 Delphicus
705 3316 777 3376 edat
791 3331 892 3390 opem.

137 3400 206 3462 Hic
223 3415 347 3478 quoquc
361 3408 522 3475 corruptus
538 3415 606 3459 oum
620 3399 751 3473 semine,
768 3399 883 3472 nuntiat
897 3396 1000 3454 Helles

187 3483 230 3544 Et
244 3483 364 3544 iuvenis
385 3483 486 3542 Phrixi
502 3484 609 3543 lunera
624 3489 706 3543 sorte
721 3483 792 3557 poti.
