2372 3928
176 222 238 287 eoo
406 214 629 278 nxnonro
653 217 710 294 rv,
734 216 789 294 ro,
813 215 953 280 ιιι-ιε

300 369 441 432 Deseruit
455 369 545 430 celeri
561 375 658 428 rnor’te
674 367 807 432 Sabinus
822 384 918 444 opusc

259 454 436 531 Ingeniique
451 453 501 518 sui
515 453 615 512 dictus
632 453 813 526 cognomine
827 453 956 530 Largus,

301 538 416 598 Gallica
431 537 483 612 qui
498 536 662 613 Phrygium
679 536 764 598 duxit
778 537 808 596 in
823 553 898 596 arva
911 539 1034 600 senem:

260 623 378 698 Quique
393 622 472 684 canit
487 621 632 681 domitam
648 619 824 682 Camerinus
840 619 878 680 ab
892 619 1025 686 Hercule
1036 620 1144 700 Troiam

212 717 249 770 ιο
303 705 421 780 Quique
435 721 492 766 sua
506 719 617 766 nornen
631 703 771 782 Phyllide
785 705 904 766 Tuscus
919 703 1027 780 hebet:

258 789 453 864 velivolique
467 789 560 848 maris
576 802 696 858 nornen,
720 788 768 848 cui
784 787 910 848 credere
924 789 1030 864 possis

300 873 437 932 Carmina
452 872 611 934 caeruleos
627 871 842 946 composuisse
857 872 951 932 densa

259 957 376 1031 Quique
392 955 474 1016 acies
491 955 623 1032 Libycas
640 955 839 1030 Romanaque
852 956 973 1032 proelia
988 955 1072 1016 dixit:

298 1040 336 1101 Et
350 1039 472 1113 Marius
496 1038 599 1115 scripti
615 1037 721 1099 dexter
735 1039 765 1097 in
781 1054 871 1099 ornne
885 1055 1000 1116 genus:

213 1141 247 1194 25
259 1123 494 1199 Trinacriusque
509 1138 586 1184 suae
600 1121 763 1184 Perseidos
778 1130 892 1198 auctor,
915 1131 947 1184 et
961 1131 1065 1184 auctor

297 1207 473 1268 Tantalidae
487 1205 609 1266 reducis
623 1205 880 1284 Tyndaridosque
894 1207 1017 1286 Lupns=

257 1291 294 1351 Et
309 1291 360 1364 qui
375 1288 548 1354 Maeoniam
563 1289 733 1355 Phaeacida
750 1291 846 1350 vertit.
869 1297 899 1356 et
912 1307 976 1353 una

297 1373 475 1435 Pindaricae
490 1372 601 1434 lidicen
617 1380 649 1432 tu
666 1388 800 1448 quoque,
820 1373 908 1446 Rufe,
934 1375 1035 1450 lyrae:

257 1457 408 1533 Musaque
421 1457 549 1518 Turrani
564 1456 685 1532 tragicis
702 1456 806 1518 innixa
821 1457 993 1521 cothurnis:

211 1561 246 1613 30
298 1541 335 1602 Et
348 1550 398 1603 tua
412 1557 590 1624 ¹cntrrlsocco
604 1541 702 1614 Musa,
725 1540 859 1616 Melisse‚
882 1542 952 1602 levi.

259 1627 330 1686 Curn
345 1627 446 1687 Varus
462 1625 682 1699 Gracchusque
697 1624 805 1686 darent
819 1626 884 1686 iera
898 1625 983 1686 dicta
996 1624 1126 1702 tyrannis,

301 1709 471 1770 Callimachi
488 1707 633 1770 Proculus
648 1709 740 1769 molle
756 1716 871 1771 teneret
885 1711 954 1774 iter:

257 1793 379 1872 Tityrus
394 1793 535 1868 antiquas
550 1801 580 1853 et
594 1799 659 1857 erat
673 1793 724 1868 qni
739 1796 882 1870 pasceret
894 1791 1018 1868 herbas,
1121 1821 1160 1844 ¹·-

298 1881 441 1956 Aploque
457 1877 577 1936 venanti
598 1876 718 1942 Gratius
732 1893 817 1942 orma
831 1877 927 1946 daret.

211 1975 245 2030 35
257 1961 370 2022 Naidas
387 1975 405 2022 a
419 1961 533 2040 satyris
548 1968 670 2022 caneret
684 1960 839 2028 Fontanus
854 1968 981 2034 amatas

299 2045 458 2105 Clauderet
472 2044 640 2122 imparibus
656 2045 750 2112 verba
765 2045 889 2122 Capella
902 2046 1014 2109 modis.

257 2127 394 2202 Cumque
408 2128 508 2188 forent
520 2128 580 2200 alii,
604 2143 733 2202 quorum
747 2129 819 2188 mihi
835 2136 944 2190 cuncta
957 2132 1070 2190 relorre

296 2211 424 2270 Nomina
438 2211 529 2286 longa
543 2227 630 2272 mora
647 2218 703 2286 est,
725 2213 860 2274 carmina
875 2215 985 2290 vulgus
1001 2214 1101 2274 habet:

254 2295 367 2354 Essent
382 2302 413 2354 et
426 2293 562 2366 iuvenes,
584 2309 715 2369 quornm
731 2297 815 2372 quod
830 2295 944 2358 inedita
958 2315 1032 2360 cura
1047 2305 1098 2370 est,
1180 2319 1181 2360 3

211 2393 245 2445 qo
297 2379 559 2456 Adpellandorum
574 2379 615 2438 nil
631 2378 703 2443 mihi
718 2379 791 2440 iuris
807 2380 904 2446 adest.

254 2463 296 2522 Te
311 2470 411 2524 tamen
426 2463 455 2524 in
472 2461 559 2524 turba
574 2479 635 2526 non
651 2463 757 2535 ausim,
782 2464 876 2538 Cotta,
899 2465 999 2541 silere,

294 2547 446 2610 Pieridum
460 2548 569 2619 lumen,
591 2547 843 2627 praesidiumque
858 2549 926 2609 lori.

256 2632 409 2694 llllaternos
424 2631 527 2692 Cottas
542 2630 591 2690 cui
605 2631 831 2710 Messallasque
847 2640 991 2710 paternos

296 2716 429 2776 hlaxirna
442 2713 583 2774 nobilitas
599 2714 783 2788 ingeminata
796 2716 889 2778 dedit.

208 2809 242 2862 sa
255 2798 362 2858 Dicere
377 2799 403 2858 si
419 2798 466 2858 las
481 2804 537 2872 est,
560 2797 642 2858 claro
658 2814 727 2859 mea
741 2799 864 2860 nomine
878 2802 967 2862 Musa

295 2884 398 2958 Atque
412 2881 490 2943 inter
504 2887 605 2942 tantos
623 2897 703 2956 quae
717 2883 876 2960 legeretur,
901 2892 973 2946 erat.

252 2963 334 3039 Ergo
350 2974 532 3027 summotum
550 2965 649 3041 patria
662 2967 872 3041 proscindere,
896 2968 997 3045 Livor,

293 3049 416 3126 Desine,
439 3066 500 3111 neu
516 3049 635 3110 cineres
652 3065 773 3126 sparge,
797 3061 931 3128 eruente,
953 3069 1054 3116 meos.

255 3131 362 3193 Omnia
378 3135 578 3210 perdidimus.
608 3135 817 3195 tantummodo
832 3135 896 3197 vita
910 3137 1016 3198 relicta
1032 3143 1091 3209 est,

207 3225 242 3278 so
292 3215 441 3280 Praebeat
454 3226 487 3281 ut
501 3232 628 3277 sensnm
641 3219 860 3294 materiamque
875 3219 973 3282 malis.

255 3299 332 3373 Quid
346 3301 432 3363 iuvat
447 3304 598 3364 extinctos
614 3300 726 3362 ferrum
743 3303 902 3364 demittere
917 3303 946 3364 in
963 3310 1073 3364 artus?

294 3384 359 3446 Non
375 3385 467 3449 habet
481 3388 510 3447 in
526 3383 616 3446 nobis
631 3383 690 3446 iam
705 3403 787 3448 nova
802 3387 894 3464 plaga
907 3389 1017 3451 locum.

520 3534 549 3540 ι·-
556 3533 841 3541 ——e—--nm
