2450 3932
195 241 239 309 so
593 210 823 297 rn1sr1un

316 395 352 454 ln
366 394 436 455 loca
449 406 488 450 ne
501 389 612 450 redeas
628 386 759 462 amplius
774 387 842 461 ista,
858 401 979 462 precor,

279 479 360 541 Dum
374 491 423 536 me
436 481 586 535 terrarum
600 487 674 548 pers
689 487 789 546 paene
804 471 982 553 novissima,
997 471 1116 535 Pontus

322 559 462 621 Euxinus
478 559 556 618 lalso
573 555 811 626 nominedictus
826 554 928 616 habet.

200 696 269 792 14·
281 693 394 789 Cultor
409 732 439 785 et
453 723 581 784 antistes
596 722 757 784 doctorum
773 728 880 782 sancte
895 722 1040 797 virorum,

328 809 385 885 Qui
400 808 476 869 lacis
490 806 614 883 ingenio
630 821 762 882 semper,
778 804 884 879 amice,
899 813 986 866 meo!

282 893 412 970 Ecquid,
427 897 461 953 ut
474 892 656 952 ineolumem
672 890 827 966 quondam
844 890 999 950 celebrare
1013 891 1150 967 solebas,

325 978 413 1039 Nunc
428 991 561 1052 quoque,
576 990 616 1034 ne
629 975 736 1034 videar
750 980 833 1035 totus
849 974 970 1049 abesse,
987 983 1102 1036 cavest

246 1077 263 1130 5
278 1060 420 1137 Suscipis
436 1059 574 1135 exceptis
589 1058 703 1134 ecquid
717 1074 785 1118 mea
799 1058 935 1120 carmina
948 1059 1024 1120 solis

324 1143 461 1216 Artibus,
478 1143 585 1204 artifici
600 1159 681 1221 quae
695 1157 830 1226 nocuere
845 1151 925 1205 suo?
1223 1196 1224 1205 ,

282 1231 378 1290 Immo
394 1229 437 1289 ita
451 1229 509 1303 iac,
526 1243 653 1303 quaeso,
667 1235 772 1288 vatum
787 1228 927 1290 studiose
942 1243 1107 1303 novorum,
1223 1265 1224 1273 κ

324 1313 452 1389 Quaque
467 1319 565 1387 potes,
578 1312 674 1373 retine
688 1327 802 1387 corpus
814 1312 845 1371 in
859 1312 943 1374 Urbe
957 1326 1068 1372 meum.

282 1398 339 1458 Est
353 1399 427 1472 suga
441 1397 523 1457 dicu
536 1395 618 1471 mihi,
632 1412 695 1456 non
710 1404 758 1457 est
771 1397 844 1472 fuga
858 1396 940 1457 dicta
953 1395 1073 1470 libellis,

233 1491 268 1545 10
326 1481 383 1557 Qui
398 1481 512 1542 domini
525 1494 659 1557 poenam
674 1497 737 1542 non
751 1494 891 1540 meruere
906 1480 964 1541 sui.

216 1579 218 1585 ’
283 1565 385 1641 Saepe
399 1580 457 1641 per
471 1571 615 1626 externas
630 1566 779 1640 profugus
794 1571 883 1639 pater
896 1566 999 1626 exulat
1013 1577 1097 1638 oraS,

323 1651 406 1712 Urbe
420 1656 521 1711 tamen
536 1650 615 1709 natis
632 1650 731 1710 exulis
748 1663 819 1710 esse
833 1649 914 1710 licet.

280 1732 414 1795 Palladis
430 1736 570 1811 exemplo
586 1734 626 1794 de
640 1748 689 1792 me
703 1734 772 1794 sine
786 1738 882 1794 matre
897 1739 999 1794 creata
1029 1813 1031 1816 Α

325 1818 465 1880 Carmina
479 1824 559 1880 sunt.
583 1817 677 1893 stirps
692 1816 769 1878 haec
785 1817 1013 1893 progeniesque
1026 1830 1098 1876 mea
1112 1823 1171 1877 est

231 1909 265 1962 15
278 1902 367 1963 Hanc
381 1904 435 1964 tibi
450 1903 642 1964 commendo.
666 1917 746 1977 quae
762 1917 823 1978 quo
838 1903 936 1978 magis
951 1901 1027 1963 orba
1040 1908 1181 1976 parente,

324 1987 392 2047 lloc
407 1987 460 2047 libi
475 1986 566 2048 tutori
581 1986 703 2046 sarcina
717 1986 814 2047 maior
828 1986 894 2046 erit.

280 2071 356 2130 Tres
371 2070 444 2129 mihi
458 2076 530 2132 sunt
544 2069 605 2129 nati
621 2071 763 2146 contagia
778 2076 885 2131 nostra
899 2069 1012 2130 secuti=

324 2153 431 2214 Cetera
444 2155 493 2214 lac
509 2168 601 2215 curae
615 2153 656 2215 sit
668 2154 722 2216 tibi
736 2154 825 2216 turba
838 2155 950 2229 palam.

282 2237 361 2298 Sunt
375 2253 501 2313 quoque
516 2242 648 2299 mutatae
663 2245 710 2299 ter
724 2239 861 2315 quinque
873 2237 1031 2299 volumina
1046 2239 1178 2313 formae,

228 2335 266 2388 ‘lo
323 2321 462 2382 Carmina
476 2323 515 2383 de
530 2322 646 2383 domini
661 2325 770 2384 sunere
783 2328 873 2398 rapta
888 2322 947 2384 sui.

279 2405 359 2475 lllud
373 2423 454 2482 opus
469 2408 575 2484 potuit,
591 2408 618 2468 si
633 2423 696 2468 non
710 2408 797 2483 prius
812 2407 882 2482 ipse
896 2406 1058 2482 perissem,

321 2490 439 2553 certius
453 2508 472 2551 a
487 2508 608 2554 summa
621 2507 734 2553 nomen
748 2489 864 2551 habere
878 2507 981 2552 manu.

277 2573 365 2636 Nunc
379 2576 582 2638 incorrectum
597 2576 706 2652 populi
720 2576 861 2652 pervenit
876 2575 906 2636 in
922 2592 986 2651 ora,

321 2660 355 2719 ln
370 2660 477 2735 populi
493 2660 659 2736 quicquam
674 2661 701 2721 si
714 2667 816 2722 tamen
832 2675 886 2721 ore
900 2660 961 2721 mei
976 2664 1033 2737 est.

225 2750 261 2805 25
275 2742 344 2804 Hoc
360 2756 485 2819 quoque
498 2744 605 2805 nescio
622 2743 696 2819 quid
711 2744 827 2805 nostris
842 2760 967 2821 appone
981 2741 1105 2819 libellis,

320 2826 450 2888 Diverso
465 2826 594 2889 missum
611 2827 695 2903 quod
708 2828 762 2889 tibi
777 2828 816 2888 ab
833 2828 908 2888 orbe
921 2827 1013 2888 venit.

278 2909 367 2988 Quod
384 2911 570 2988 quicumque
589 2914 710 2988 leget...
725 2912 752 2972 si
767 2912 837 2988 quis
856 2913 968 2986 leget..
980 2910 1128 2973 aestimet
1145 2929 1185 2972 an
1204 2951 1211 2961 -

320 2994 529 3071 Compositum
545 3013 606 3072 quo
622 2997 662 3057 sit
674 3003 814 3071 tempore
826 3011 953 3072 quoque
967 2995 1048 3056 loco.

275 3079 406 3155 Aequus
421 3081 477 3142 erit
491 3080 624 3156 scriptis,
639 3095 770 3156 quorum
784 3079 964 3155 cognoverit
978 3095 1048 3139 esse

223 3169 261 3226 bd
317 3163 447 3224 Exilium
463 3172 585 3240 tempus
600 3164 838 3239 barbariemque
852 3167 971 3226 loeum=

275 3249 374 3323 Inque
388 3254 433 3309 tot
446 3249 587 3309 adversis
603 3264 726 3308 carmen
742 3247 897 3309 mirabitur
914 3249 1009 3311 ullum

317 3331 438 3392 Ducere
453 3348 502 3392 me
516 3332 594 3392 tristi
610 3332 797 3393 sustinuisse
810 3347 912 3393 manu.

275 3417 289 3478 l
313 3415 435 3476 ‘renium
454 3418 575 3492 fregere
588 3431 688 3475 meum
703 3417 791 3475 mala.
816 3415 902 3476 ouius
919 3420 1034 3478 etanta

341 3514 400 3560 ons
414 3500 596 3562 infecundus
609 3515 769 3576 parvaque
783 3516 863 3562 vena
876 3499 941 3560 luit.
