<?xml version="1.0" encoding="UTF-8"?>
<!DOCTYPE html PUBLIC "-//W3C//DTD XHTML 1.0 Transitional//EN"
    "http://www.w3.org/TR/xhtml1/DTD/xhtml1-transitional.dtd">
<html xmlns="http://www.w3.org/1999/xhtml" xml:lang="en" lang="en">
 <head>
  <title>
</title>
<meta http-equiv="Content-Type" content="text/html;charset=utf-8" />
  <meta name='ocr-system' content='tesseract 3.04.00' />
  <meta name='ocr-capabilities' content='ocr_page ocr_carea ocr_par ocr_line ocrx_word'/>
</head>
<body>
  <div class='ocr_page' id='page_1' title='image "./povidiusnaso00goog_0241.png"; bbox 0 0 2372 3928; ppageno 0'>
   <div class='ocr_carea' id='block_1_1' title="bbox 207 241 842 330">
    <p class='ocr_par' dir='ltr' id='par_1_1' title="bbox 207 241 842 330">
     <span class='ocr_line' id='line_1_1' title="bbox 207 241 842 330; baseline -0.005 -11"><span class='ocrx_word' id='word_1_1' title='bbox 207 263 270 330; x_wconf 71' lang='lat' dir='ltr'>qao</span> <span class='ocrx_word' id='word_1_2' title='bbox 590 241 842 320; x_wconf 69' lang='lat' dir='ltr'>nms‘ronuru</span> 
     </span>
    </p>
   </div>
   <div class='ocr_carea' id='block_1_2' title="bbox 142 410 1174 3594">
    <p class='ocr_par' dir='ltr' id='par_1_2' title="bbox 142 410 1174 3594">
     <span class='ocr_line' id='line_1_2' title="bbox 330 410 921 490; baseline -0.01 -15"><span class='ocrx_word' id='word_1_3' title='bbox 330 415 368 476; x_wconf 89' lang='lat' dir='ltr'>Ut</span> <span class='ocrx_word' id='word_1_4' title='bbox 383 420 490 490; x_wconf 89' lang='lat' dir='ltr'>posset</span> <span class='ocrx_word' id='word_1_5' title='bbox 506 417 611 472; x_wconf 86' lang='lat' dir='ltr'>vastas</span> <span class='ocrx_word' id='word_1_6' title='bbox 626 410 786 472; x_wconf 74' lang='lat' dir='ltr'>exeruisse</span> <span class='ocrx_word' id='word_1_7' title='bbox 799 423 921 470; x_wconf 88' lang='lat' dir='ltr'>munus.</span> 
     </span>
     <span class='ocr_line' id='line_1_3' title="bbox 286 493 1055 573; baseline -0.009 -13"><span class='ocrx_word' id='word_1_8' title='bbox 286 500 433 573; x_wconf 80' lang='lat' dir='ltr'>Fregerat</span> <span class='ocrx_word' id='word_1_9' title='bbox 447 495 580 558; x_wconf 81' lang='lat' dir='ltr'>armillas</span> <span class='ocrx_word' id='word_1_10' title='bbox 594 510 656 556; x_wconf 89' lang='lat' dir='ltr'>non</span> <span class='ocrx_word' id='word_1_11' title='bbox 672 493 725 554; x_wconf 89' lang='lat' dir='ltr'>illa</span> <span class='ocrx_word' id='word_1_12' title='bbox 739 493 779 554; x_wconf 94' lang='lat' dir='ltr'>ad</span> <span class='ocrx_word' id='word_1_13' title='bbox 791 493 937 555; x_wconf 82' lang='lat' dir='ltr'>bracchia</span> <span class='ocrx_word' id='word_1_14' title='bbox 952 495 1055 567; x_wconf 75' lang='lat' dir='ltr'>facus,</span> 
     </span>
     <span class='ocr_line' id='line_1_4' title="bbox 269 577 1009 654; baseline -0.016 -8"><span class='ocrx_word' id='word_1_15' title='bbox 269 598 275 608; x_wconf 83' lang='lat'><strong><em>‘</em></strong></span> <span class='ocrx_word' id='word_1_16' title='bbox 336 580 524 645; x_wconf 85' lang='lat' dir='ltr'>Scindebant</span> <span class='ocrx_word' id='word_1_17' title='bbox 537 579 639 654; x_wconf 89' lang='lat' dir='ltr'>magni</span> <span class='ocrx_word' id='word_1_18' title='bbox 654 577 777 638; x_wconf 83' lang='lat' dir='ltr'>vincula</span> <span class='ocrx_word' id='word_1_19' title='bbox 790 593 888 654; x_wconf 87' lang='lat' dir='ltr'>parva</span> <span class='ocrx_word' id='word_1_20' title='bbox 902 577 1009 654; x_wconf 84' lang='lat' dir='ltr'>pedes.</span> 
     </span>
     <span class='ocr_line' id='line_1_5' title="bbox 227 661 1121 743; baseline -0.011 -13"><span class='ocrx_word' id='word_1_21' title='bbox 227 676 277 730; x_wconf 72' lang='lat' dir='ltr'>aaa</span> <span class='ocrx_word' id='word_1_22' title='bbox 292 669 366 743; x_wconf 88' lang='lat' dir='ltr'>ipsa</span> <span class='ocrx_word' id='word_1_23' title='bbox 380 665 462 741; x_wconf 80' lang='lat' dir='ltr'>capit</span> <span class='ocrx_word' id='word_1_24' title='bbox 478 662 658 737; x_wconf 79' lang='lat' dir='ltr'><strong>clavamque</strong></span> <span class='ocrx_word' id='word_1_25' title='bbox 676 675 802 738; x_wconf 86' lang='lat' dir='ltr'>gravem</span> <span class='ocrx_word' id='word_1_26' title='bbox 817 662 1016 738; x_wconf 88' lang='lat' dir='ltr'>spolimnque</span> <span class='ocrx_word' id='word_1_27' title='bbox 1030 661 1121 732; x_wconf 67' lang='lat' dir='ltr'>iconis</span> 
     </span>
     <span class='ocr_line' id='line_1_6' title="bbox 333 745 1018 822; baseline -0.009 -12"><span class='ocrx_word' id='word_1_28' title='bbox 333 750 522 822; x_wconf 85' lang='lat' dir='ltr'>conditaque</span> <span class='ocrx_word' id='word_1_29' title='bbox 536 746 567 806; x_wconf 91' lang='lat' dir='ltr'>in</span> <span class='ocrx_word' id='word_1_30' title='bbox 582 745 724 821; x_wconf 88' lang='lat' dir='ltr'>pharetra</span> <span class='ocrx_word' id='word_1_31' title='bbox 737 746 799 806; x_wconf 84' lang='lat' dir='ltr'>tela</span> <span class='ocrx_word' id='word_1_32' title='bbox 812 745 932 806; x_wconf 89' lang='lat' dir='ltr'>minora</span> <span class='ocrx_word' id='word_1_33' title='bbox 952 761 1018 808; x_wconf 87' lang='lat' dir='ltr'>sua.</span> 
     </span>
     <span class='ocr_line' id='line_1_7' title="bbox 293 829 1086 909; baseline -0.009 -14"><span class='ocrx_word' id='word_1_34' title='bbox 293 833 345 896; x_wconf 88' lang='lat' dir='ltr'>Sic</span> <span class='ocrx_word' id='word_1_35' title='bbox 359 833 459 909; x_wconf 89' lang='lat' dir='ltr'>epulis</span> <span class='ocrx_word' id='word_1_36' title='bbox 476 830 586 905; x_wconf 88' lang='lat' dir='ltr'>iuncti,</span> <span class='ocrx_word' id='word_1_37' title='bbox 601 829 648 891; x_wconf 86' lang='lat' dir='ltr'>sic</span> <span class='ocrx_word' id='word_1_38' title='bbox 662 831 736 889; x_wconf 90' lang='lat' dir='ltr'>dant</span> <span class='ocrx_word' id='word_1_39' title='bbox 750 846 809 891; x_wconf 86' lang='lat' dir='ltr'>suu</span> <span class='ocrx_word' id='word_1_40' title='bbox 824 843 959 906; x_wconf 84' lang='lat' dir='ltr'>corpora</span> <span class='ocrx_word' id='word_1_41' title='bbox 976 845 1086 902; x_wconf 91' lang='lat' dir='ltr'>somno,</span> 
     </span>
     <span class='ocr_line' id='line_1_8' title="bbox 330 913 918 993; baseline -0.009 -15"><span class='ocrx_word' id='word_1_42' title='bbox 330 918 369 978; x_wconf 80' lang='lat' dir='ltr'>lit</span> <span class='ocrx_word' id='word_1_43' title='bbox 383 915 492 993; x_wconf 91' lang='lat' dir='ltr'>positis</span> <span class='ocrx_word' id='word_1_44' title='bbox 507 915 592 976; x_wconf 87' lang='lat' dir='ltr'>iuxta</span> <span class='ocrx_word' id='word_1_45' title='bbox 607 914 778 975; x_wconf 89' lang='lat' dir='ltr'>secubuere</span> <span class='ocrx_word' id='word_1_46' title='bbox 796 913 883 974; x_wconf 86' lang='lat' dir='ltr'>toris.</span> <span class='ocrx_word' id='word_1_47' title='bbox 915 920 918 926; x_wconf 82' lang='lat'>&#39;</span> 
     </span>
     <span class='ocr_line' id='line_1_9' title="bbox 294 997 1022 1076; baseline -0.007 -14"><span class='ocrx_word' id='word_1_48' title='bbox 294 1003 406 1076; x_wconf 80' lang='lat' dir='ltr'>Causa,</span> <span class='ocrx_word' id='word_1_49' title='bbox 422 999 570 1076; x_wconf 79' lang='lat' dir='ltr'>repertori</span> <span class='ocrx_word' id='word_1_50' title='bbox 584 998 655 1060; x_wconf 91' lang='lat' dir='ltr'>vitis</span> <span class='ocrx_word' id='word_1_51' title='bbox 674 997 747 1073; x_wconf 87' lang='lat' dir='ltr'>quia</span> <span class='ocrx_word' id='word_1_52' title='bbox 761 1013 850 1058; x_wconf 86' lang='lat' dir='ltr'>sacra</span> <span class='ocrx_word' id='word_1_53' title='bbox 864 998 1022 1074; x_wconf 84' lang='lat' dir='ltr'>parabant,</span> 
     </span>
     <span class='ocr_line' id='line_1_10' title="bbox 229 1082 1031 1160; baseline -0.007 -14"><span class='ocrx_word' id='word_1_54' title='bbox 229 1091 281 1146; x_wconf 76' lang='lat'>³30</span> <span class='ocrx_word' id='word_1_55' title='bbox 335 1086 418 1160; x_wconf 78' lang='lat' dir='ltr'>Quae</span> <span class='ocrx_word' id='word_1_56' title='bbox 433 1086 569 1146; x_wconf 87' lang='lat' dir='ltr'>iacerent</span> <span class='ocrx_word' id='word_1_57' title='bbox 583 1098 674 1159; x_wconf 90' lang='lat' dir='ltr'>pure,</span> <span class='ocrx_word' id='word_1_58' title='bbox 690 1097 759 1142; x_wconf 91' lang='lat' dir='ltr'>curn</span> <span class='ocrx_word' id='word_1_59' title='bbox 774 1083 854 1144; x_wconf 85' lang='lat' dir='ltr'>toret</span> <span class='ocrx_word' id='word_1_60' title='bbox 869 1088 937 1142; x_wconf 85' lang='lat' dir='ltr'>orta</span> <span class='ocrx_word' id='word_1_61' title='bbox 954 1082 1031 1142; x_wconf 81' lang='lat' dir='ltr'>dies.</span> 
     </span>
     <span class='ocr_line' id='line_1_11' title="bbox 292 1162 1174 1242; baseline -0.012 -13"><span class='ocrx_word' id='word_1_62' title='bbox 292 1169 396 1230; x_wconf 84' lang='lat' dir='ltr'>Noctis</span> <span class='ocrx_word' id='word_1_63' title='bbox 411 1176 476 1230; x_wconf 90' lang='lat' dir='ltr'>erat</span> <span class='ocrx_word' id='word_1_64' title='bbox 493 1167 637 1228; x_wconf 88' lang='lat' dir='ltr'>medium.</span> <span class='ocrx_word' id='word_1_65' title='bbox 668 1165 741 1241; x_wconf 92' lang='lat' dir='ltr'>quid</span> <span class='ocrx_word' id='word_1_66' title='bbox 756 1181 817 1226; x_wconf 93' lang='lat' dir='ltr'>non</span> <span class='ocrx_word' id='word_1_67' title='bbox 831 1181 918 1226; x_wconf 81' lang='lat' dir='ltr'>emor</span> <span class='ocrx_word' id='word_1_68' title='bbox 932 1165 1083 1242; x_wconf 82' lang='lat' dir='ltr'>improbus</span> <span class='ocrx_word' id='word_1_69' title='bbox 1099 1162 1174 1224; x_wconf 79' lang='lat' dir='ltr'>tudett</span> 
     </span>
     <span class='ocr_line' id='line_1_12' title="bbox 333 1249 1090 1327; baseline -0.007 -15"><span class='ocrx_word' id='word_1_70' title='bbox 333 1253 469 1312; x_wconf 77' lang='lat' dir='ltr'>Roscida</span> <span class='ocrx_word' id='word_1_71' title='bbox 483 1267 540 1327; x_wconf 88' lang='lat' dir='ltr'>per</span> <span class='ocrx_word' id='word_1_72' title='bbox 551 1251 693 1312; x_wconf 90' lang='lat' dir='ltr'>tenebms</span> <span class='ocrx_word' id='word_1_73' title='bbox 707 1251 831 1311; x_wconf 82' lang='lat' dir='ltr'><strong>Faunus</strong></span> <span class='ocrx_word' id='word_1_74' title='bbox 846 1250 887 1310; x_wconf 89' lang='lat' dir='ltr'>ad</span> <span class='ocrx_word' id='word_1_75' title='bbox 904 1256 992 1310; x_wconf 85' lang='lat' dir='ltr'>antra</span> <span class='ocrx_word' id='word_1_76' title='bbox 1009 1249 1090 1310; x_wconf 89' lang='lat' dir='ltr'>venit.</span> 
     </span>
     <span class='ocr_line' id='line_1_13' title="bbox 293 1334 1055 1412; baseline -0.003 -16"><span class='ocrx_word' id='word_1_77' title='bbox 293 1337 393 1412; x_wconf 87' lang='lat' dir='ltr'>thue</span> <span class='ocrx_word' id='word_1_78' title='bbox 413 1336 496 1396; x_wconf 86' lang='lat' dir='ltr'>videt</span> <span class='ocrx_word' id='word_1_79' title='bbox 511 1336 638 1397; x_wconf 84' lang='lat' dir='ltr'>comites</span> <span class='ocrx_word' id='word_1_80' title='bbox 654 1350 763 1396; x_wconf 91' lang='lat' dir='ltr'>somno</span> <span class='ocrx_word' id='word_1_81' title='bbox 778 1334 914 1410; x_wconf 89' lang='lat' dir='ltr'>vinoque</span> <span class='ocrx_word' id='word_1_82' title='bbox 929 1336 1055 1406; x_wconf 89' lang='lat' dir='ltr'>solutos,</span> 
     </span>
     <span class='ocr_line' id='line_1_14' title="bbox 334 1418 1054 1496; baseline -0.006 -16"><span class='ocrx_word' id='word_1_83' title='bbox 334 1419 428 1495; x_wconf 91' lang='lat' dir='ltr'>Spcm</span> <span class='ocrx_word' id='word_1_84' title='bbox 449 1419 576 1494; x_wconf 87' lang='lat' dir='ltr'>capitia</span> <span class='ocrx_word' id='word_1_85' title='bbox 591 1420 724 1480; x_wconf 88' lang='lat' dir='ltr'>dominis</span> <span class='ocrx_word' id='word_1_86' title='bbox 740 1434 811 1480; x_wconf 86' lang='lat' dir='ltr'>esse</span> <span class='ocrx_word' id='word_1_87' title='bbox 826 1418 952 1496; x_wconf 89' lang='lat' dir='ltr'>soporis</span> <span class='ocrx_word' id='word_1_88' title='bbox 966 1418 1054 1478; x_wconf 87' lang='lat' dir='ltr'>idern.</span> 
     </span>
     <span class='ocr_line' id='line_1_15' title="bbox 230 1503 1044 1579; baseline -0.011 -10"><span class='ocrx_word' id='word_1_89' title='bbox 230 1515 280 1570; x_wconf 81' lang='lat'>³35</span> <span class='ocrx_word' id='word_1_90' title='bbox 295 1505 404 1579; x_wconf 90' lang='lat' dir='ltr'>Intrat,</span> <span class='ocrx_word' id='word_1_91' title='bbox 418 1511 449 1564; x_wconf 90' lang='lat' dir='ltr'>et</span> <span class='ocrx_word' id='word_1_92' title='bbox 462 1504 523 1565; x_wconf 90' lang='lat' dir='ltr'>buc</span> <span class='ocrx_word' id='word_1_93' title='bbox 538 1504 610 1565; x_wconf 89' lang='lat' dir='ltr'>illuc</span> <span class='ocrx_word' id='word_1_94' title='bbox 624 1503 803 1564; x_wconf 89' lang='lat' dir='ltr'>temerarius</span> <span class='ocrx_word' id='word_1_95' title='bbox 819 1509 899 1566; x_wconf 81' lang='lat' dir='ltr'>erret</span> <span class='ocrx_word' id='word_1_96' title='bbox 918 1503 1044 1573; x_wconf 83' lang='lat' dir='ltr'>adulter,</span> 
     </span>
     <span class='ocr_line' id='line_1_16' title="bbox 335 1587 1052 1665; baseline -0.003 -17"><span class='ocrx_word' id='word_1_97' title='bbox 335 1589 373 1649; x_wconf 81' lang='lat' dir='ltr'>Et</span> <span class='ocrx_word' id='word_1_98' title='bbox 387 1589 520 1665; x_wconf 87' lang='lat' dir='ltr'>praefert</span> <span class='ocrx_word' id='word_1_99' title='bbox 537 1593 642 1648; x_wconf 83' lang='lat' dir='ltr'>cautas</span> <span class='ocrx_word' id='word_1_100' title='bbox 658 1587 918 1662; x_wconf 85' lang='lat' dir='ltr'>subsequiturque</span> <span class='ocrx_word' id='word_1_101' title='bbox 933 1603 1052 1647; x_wconf 82' lang='lat' dir='ltr'>manus</span> 
     </span>
     <span class='ocr_line' id='line_1_17' title="bbox 297 1671 942 1746; baseline -0.002 -15"><span class='ocrx_word' id='word_1_102' title='bbox 297 1674 429 1733; x_wconf 89' lang='lat' dir='ltr'>Venerat</span> <span class='ocrx_word' id='word_1_103' title='bbox 443 1673 482 1732; x_wconf 86' lang='lat' dir='ltr'>ad</span> <span class='ocrx_word' id='word_1_104' title='bbox 498 1674 582 1732; x_wconf 88' lang='lat' dir='ltr'>strati</span> <span class='ocrx_word' id='word_1_105' title='bbox 602 1677 723 1746; x_wconf 84' lang='lat' dir='ltr'>captate</span> <span class='ocrx_word' id='word_1_106' title='bbox 737 1671 847 1731; x_wconf 88' lang='lat' dir='ltr'>cubitia</span> <span class='ocrx_word' id='word_1_107' title='bbox 860 1671 942 1742; x_wconf 88' lang='lat' dir='ltr'>lecti,</span> 
     </span>
     <span class='ocr_line' id='line_1_18' title="bbox 334 1755 886 1832; baseline -0.005 -16"><span class='ocrx_word' id='word_1_108' title='bbox 334 1755 371 1816; x_wconf 78' lang='lat' dir='ltr'>bt</span> <span class='ocrx_word' id='word_1_109' title='bbox 387 1756 460 1816; x_wconf 85' lang='lat' dir='ltr'>ieiix</span> <span class='ocrx_word' id='word_1_110' title='bbox 475 1757 572 1832; x_wconf 87' lang='lat' dir='ltr'>prima</span> <span class='ocrx_word' id='word_1_111' title='bbox 586 1755 664 1814; x_wconf 88' lang='lat' dir='ltr'>iorte</span> <span class='ocrx_word' id='word_1_112' title='bbox 678 1756 796 1815; x_wconf 88' lang='lat' dir='ltr'>iuturus</span> <span class='ocrx_word' id='word_1_113' title='bbox 812 1763 886 1816; x_wconf 87' lang='lat' dir='ltr'>eret.</span> 
     </span>
     <span class='ocr_line' id='line_1_19' title="bbox 294 1839 972 1915; baseline -0.006 -14"><span class='ocrx_word' id='word_1_114' title='bbox 294 1840 334 1902; x_wconf 90' lang='lat' dir='ltr'>Ut</span> <span class='ocrx_word' id='word_1_115' title='bbox 347 1841 443 1915; x_wconf 86' lang='lat' dir='ltr'>tetigit</span> <span class='ocrx_word' id='word_1_116' title='bbox 457 1840 532 1900; x_wconf 90' lang='lat' dir='ltr'>iuivi</span> <span class='ocrx_word' id='word_1_117' title='bbox 548 1839 640 1899; x_wconf 88' lang='lat' dir='ltr'>saetis</span> <span class='ocrx_word' id='word_1_118' title='bbox 656 1839 773 1899; x_wconf 83' lang='lat' dir='ltr'>hirsuta</span> <span class='ocrx_word' id='word_1_119' title='bbox 786 1839 886 1900; x_wconf 89' lang='lat' dir='ltr'>leonis</span> <span class='ocrx_word' id='word_1_120' title='bbox 968 1855 972 1862; x_wconf 92' lang='lat'><em>·</em></span> 
     </span>
     <span class='ocr_line' id='line_1_20' title="bbox 228 1922 1012 1998; baseline -0.004 -14"><span class='ocrx_word' id='word_1_121' title='bbox 228 1929 281 1984; x_wconf 75' lang='lat' dir='ltr'>sto</span> <span class='ocrx_word' id='word_1_122' title='bbox 324 1925 472 1996; x_wconf 89' lang='lat' dir='ltr'>-Vellera,</span> <span class='ocrx_word' id='word_1_123' title='bbox 494 1923 646 1998; x_wconf 86' lang='lat' dir='ltr'>pertimuit</span> <span class='ocrx_word' id='word_1_124' title='bbox 660 1922 866 1997; x_wconf 86' lang='lat' dir='ltr'>sustinuitque</span> <span class='ocrx_word' id='word_1_125' title='bbox 881 1937 1012 1995; x_wconf 85' lang='lat' dir='ltr'>manum,</span> 
     </span>
     <span class='ocr_line' id='line_1_21' title="bbox 293 2006 998 2083; baseline -0.001 -17"><span class='ocrx_word' id='word_1_126' title='bbox 293 2007 606 2083; x_wconf 86' lang='lat' dir='ltr'>Attonitusque&#39;metu</span> <span class='ocrx_word' id='word_1_127' title='bbox 619 2007 725 2082; x_wconf 89' lang='lat' dir='ltr'>rediit,</span> <span class='ocrx_word' id='word_1_128' title='bbox 740 2013 773 2067; x_wconf 90' lang='lat' dir='ltr'>ut</span> <span class='ocrx_word' id='word_1_129' title='bbox 787 2021 884 2082; x_wconf 88' lang='lat' dir='ltr'>saepe</span> <span class='ocrx_word' id='word_1_130' title='bbox 897 2006 998 2068; x_wconf 81' lang='lat' dir='ltr'>viator</span> 
     </span>
     <span class='ocr_line' id='line_1_22' title="bbox 334 2089 963 2165; baseline -0.005 -13"><span class='ocrx_word' id='word_1_131' title='bbox 334 2089 498 2152; x_wconf 87' lang='lat' dir='ltr'>Turbatum</span> <span class='ocrx_word' id='word_1_132' title='bbox 514 2091 582 2151; x_wconf 90' lang='lat' dir='ltr'>viso</span> <span class='ocrx_word' id='word_1_133' title='bbox 597 2091 710 2152; x_wconf 89' lang='lat' dir='ltr'>rettulit</span> <span class='ocrx_word' id='word_1_134' title='bbox 724 2105 824 2165; x_wconf 85' lang='lat' dir='ltr'>angue</span> <span class='ocrx_word' id='word_1_135' title='bbox 839 2091 963 2165; x_wconf 88' lang='lat' dir='ltr'>pedem.</span> 
     </span>
     <span class='ocr_line' id='line_1_23' title="bbox 294 2172 1036 2249; baseline -0.001 -15"><span class='ocrx_word' id='word_1_136' title='bbox 294 2175 370 2234; x_wconf 89' lang='lat' dir='ltr'>Inde</span> <span class='ocrx_word' id='word_1_137' title='bbox 384 2174 456 2249; x_wconf 90' lang='lat' dir='ltr'>tori,</span> <span class='ocrx_word' id='word_1_138' title='bbox 478 2172 529 2249; x_wconf 93' lang='lat' dir='ltr'>qui</span> <span class='ocrx_word' id='word_1_139' title='bbox 543 2174 663 2235; x_wconf 88' lang='lat' dir='ltr'>iunctus</span> <span class='ocrx_word' id='word_1_140' title='bbox 679 2181 757 2246; x_wconf 89' lang='lat' dir='ltr'>crat,</span> <span class='ocrx_word' id='word_1_141' title='bbox 776 2174 928 2236; x_wconf 86' lang='lat' dir='ltr'>velamina</span> <span class='ocrx_word' id='word_1_142' title='bbox 941 2175 1036 2248; x_wconf 84' lang='lat' dir='ltr'>tangit</span> 
     </span>
     <span class='ocr_line' id='line_1_24' title="bbox 335 2257 935 2334; baseline -0.002 -18"><span class='ocrx_word' id='word_1_143' title='bbox 335 2257 452 2332; x_wconf 88' lang='lat' dir='ltr'>Mollia,</span> <span class='ocrx_word' id='word_1_144' title='bbox 467 2258 606 2318; x_wconf 88' lang='lat' dir='ltr'>mendaci</span> <span class='ocrx_word' id='word_1_145' title='bbox 622 2259 834 2334; x_wconf 89' lang='lat' dir='ltr'>decipiturque</span> <span class='ocrx_word' id='word_1_146' title='bbox 853 2265 935 2320; x_wconf 83' lang='lat' dir='ltr'>nota.</span> 
     </span>
     <span class='ocr_line' id='line_1_25' title="bbox 230 2339 1066 2418; baseline -0.001 -18"><span class='ocrx_word' id='word_1_147' title='bbox 230 2343 281 2400; x_wconf 76' lang='lat'>345</span> <span class='ocrx_word' id='word_1_148' title='bbox 295 2342 459 2414; x_wconf 82' lang='lat' dir='ltr'>Ascendit,</span> <span class='ocrx_word' id='word_1_149' title='bbox 477 2342 661 2417; x_wconf 89' lang='lat' dir='ltr'>spondaque</span> <span class='ocrx_word' id='word_1_150' title='bbox 676 2343 734 2402; x_wconf 89' lang='lat' dir='ltr'>sibi</span> <span class='ocrx_word' id='word_1_151' title='bbox 749 2343 897 2418; x_wconf 87' lang='lat' dir='ltr'>propiore</span> <span class='ocrx_word' id='word_1_152' title='bbox 911 2339 1066 2414; x_wconf 87' lang='lat' dir='ltr'>recumbit,</span> 
     </span>
     <span class='ocr_line' id='line_1_26' title="bbox 334 2426 985 2502; baseline -0.003 -15"><span class='ocrx_word' id='word_1_153' title='bbox 334 2427 372 2487; x_wconf 83' lang='lat' dir='ltr'>iit</span> <span class='ocrx_word' id='word_1_154' title='bbox 390 2426 538 2488; x_wconf 91' lang='lat' dir='ltr'>tumidum</span> <span class='ocrx_word' id='word_1_155' title='bbox 554 2442 649 2488; x_wconf 90' lang='lat' dir='ltr'>comu</span> <span class='ocrx_word' id='word_1_156' title='bbox 664 2426 769 2488; x_wconf 87' lang='lat' dir='ltr'>durius</span> <span class='ocrx_word' id='word_1_157' title='bbox 783 2428 896 2502; x_wconf 81' lang='lat' dir='ltr'>inguen</span> <span class='ocrx_word' id='word_1_158' title='bbox 912 2434 985 2486; x_wconf 86' lang='lat' dir='ltr'>eret.</span> 
     </span>
     <span class='ocr_line' id='line_1_27' title="bbox 295 2510 916 2573; baseline -0.008 -3"><span class='ocrx_word' id='word_1_159' title='bbox 295 2511 414 2572; x_wconf 84' lang='lat' dir='ltr'>Interea</span> <span class='ocrx_word' id='word_1_160' title='bbox 426 2511 546 2573; x_wconf 89' lang='lat' dir='ltr'>tunicas</span> <span class='ocrx_word' id='word_1_161' title='bbox 563 2526 617 2571; x_wconf 90' lang='lat' dir='ltr'>ora</span> <span class='ocrx_word' id='word_1_162' title='bbox 632 2510 774 2572; x_wconf 88' lang='lat' dir='ltr'>subducit</span> <span class='ocrx_word' id='word_1_163' title='bbox 788 2511 826 2570; x_wconf 89' lang='lat' dir='ltr'>ab</span> <span class='ocrx_word' id='word_1_164' title='bbox 842 2511 916 2570; x_wconf 82' lang='lat' dir='ltr'>ima=</span> 
     </span>
     <span class='ocr_line' id='line_1_28' title="bbox 335 2594 1170 2670; baseline -0.004 -14"><span class='ocrx_word' id='word_1_165' title='bbox 335 2596 507 2656; x_wconf 87' lang='lat' dir='ltr'>Horrebant</span> <span class='ocrx_word' id='word_1_166' title='bbox 521 2596 626 2656; x_wconf 89' lang='lat' dir='ltr'>densis</span> <span class='ocrx_word' id='word_1_167' title='bbox 642 2609 753 2670; x_wconf 88' lang='lat' dir='ltr'>aspere</span> <span class='ocrx_word' id='word_1_168' title='bbox 768 2610 856 2654; x_wconf 86' lang='lat' dir='ltr'>crura</span> <span class='ocrx_word' id='word_1_169' title='bbox 877 2594 958 2669; x_wconf 85' lang='lat' dir='ltr'>pilis.</span> <span class='ocrx_word' id='word_1_170' title='bbox 1169 2627 1170 2630; x_wconf 61' lang='lat'><em>=</em></span> 
     </span>
     <span class='ocr_line' id='line_1_29' title="bbox 295 2677 1020 2755; baseline -0.003 -17"><span class='ocrx_word' id='word_1_171' title='bbox 295 2678 401 2739; x_wconf 79' lang='lat' dir='ltr'>Cetera</span> <span class='ocrx_word' id='word_1_172' title='bbox 414 2683 611 2752; x_wconf 88' lang='lat' dir='ltr'>temptantem</span> <span class='ocrx_word' id='word_1_173' title='bbox 627 2679 727 2741; x_wconf 87' lang='lat' dir='ltr'>cubito</span> <span class='ocrx_word' id='word_1_174' title='bbox 741 2677 917 2755; x_wconf 80' lang='lat' dir='ltr'>Tirynthius</span> <span class='ocrx_word' id='word_1_175' title='bbox 931 2677 1020 2738; x_wconf 87' lang='lat' dir='ltr'>heros</span> 
     </span>
     <span class='ocr_line' id='line_1_30' title="bbox 232 2761 964 2838; baseline -0.005 -15"><span class='ocrx_word' id='word_1_176' title='bbox 232 2770 285 2823; x_wconf 77' lang='lat'>350</span> <span class='ocrx_word' id='word_1_177' title='bbox 340 2761 494 2838; x_wconf 82' lang='lat' dir='ltr'>Reppulit.</span> <span class='ocrx_word' id='word_1_178' title='bbox 525 2776 542 2821; x_wconf 88' lang='lat' dir='ltr'>e</span> <span class='ocrx_word' id='word_1_179' title='bbox 557 2777 676 2823; x_wconf 88' lang='lat' dir='ltr'>summo</span> <span class='ocrx_word' id='word_1_180' title='bbox 692 2763 808 2823; x_wconf 88' lang='lat' dir='ltr'>decidit</span> <span class='ocrx_word' id='word_1_181' title='bbox 820 2763 872 2824; x_wconf 86' lang='lat' dir='ltr'>ille</span> <span class='ocrx_word' id='word_1_182' title='bbox 885 2769 964 2822; x_wconf 90' lang='lat' dir='ltr'>toro.</span> 
     </span>
     <span class='ocr_line' id='line_1_31' title="bbox 293 2843 1078 2922; baseline -0.003 -16"><span class='ocrx_word' id='word_1_183' title='bbox 293 2845 340 2906; x_wconf 81' lang='lat' dir='ltr'>Fit</span> <span class='ocrx_word' id='word_1_184' title='bbox 354 2861 460 2906; x_wconf 89' lang='lat' dir='ltr'>sonus.</span> <span class='ocrx_word' id='word_1_185' title='bbox 490 2844 633 2907; x_wconf 82' lang='lat' dir='ltr'>inclamat</span> <span class='ocrx_word' id='word_1_186' title='bbox 647 2849 790 2922; x_wconf 89' lang='lat' dir='ltr'>comites,</span> <span class='ocrx_word' id='word_1_187' title='bbox 806 2855 836 2907; x_wconf 93' lang='lat' dir='ltr'>et</span> <span class='ocrx_word' id='word_1_188' title='bbox 849 2847 965 2906; x_wconf 82' lang='lat' dir='ltr'>lunrina</span> <span class='ocrx_word' id='word_1_189' title='bbox 978 2843 1078 2922; x_wconf 85' lang='lat' dir='ltr'>poscit</span> 
     </span>
     <span class='ocr_line' id='line_1_32' title="bbox 335 2929 971 3007; baseline 0 -18"><span class='ocrx_word' id='word_1_190' title='bbox 335 2929 485 2991; x_wconf 76' lang='lat' dir='ltr'>MaeonIs.</span> <span class='ocrx_word' id='word_1_191' title='bbox 514 2930 615 2992; x_wconf 88' lang='lat' dir='ltr'>inlatis</span> <span class='ocrx_word' id='word_1_192' title='bbox 631 2931 752 3007; x_wconf 85' lang='lat' dir='ltr'>ignibus</span> <span class='ocrx_word' id='word_1_193' title='bbox 774 2937 843 2992; x_wconf 87' lang='lat' dir='ltr'>acte</span> <span class='ocrx_word' id='word_1_194' title='bbox 856 2937 971 3006; x_wconf 88' lang='lat' dir='ltr'>patent.</span> 
     </span>
     <span class='ocr_line' id='line_1_33' title="bbox 293 2999 1168 3174; baseline 0.006 -102"><span class='ocrx_word' id='word_1_195' title='bbox 293 3013 347 3073; x_wconf 88' lang='lat' dir='ltr'>liic</span> <span class='ocrx_word' id='word_1_196' title='bbox 361 3015 453 3088; x_wconf 89' lang='lat' dir='ltr'>gemit</span> <span class='ocrx_word' id='word_1_197' title='bbox 467 3016 545 3076; x_wconf 91' lang='lat' dir='ltr'>lecto</span> <span class='ocrx_word' id='word_1_198' title='bbox 562 3016 695 3091; x_wconf 86' lang='lat' dir='ltr'>graviter</span> <span class='ocrx_word' id='word_1_199' title='bbox 710 3016 847 3077; x_wconf 88' lang='lat' dir='ltr'>deiectus</span> <span class='ocrx_word' id='word_1_200' title='bbox 862 3014 902 3074; x_wconf 91' lang='lat' dir='ltr'>ab</span> <span class='ocrx_word' id='word_1_201' title='bbox 917 3014 989 3088; x_wconf 84' lang='lat' dir='ltr'>alto,</span> <span class='ocrx_word' id='word_1_202' title='bbox 1165 2999 1168 3174; x_wconf 33' lang='grc'>1</span> 
     </span>
     <span class='ocr_line' id='line_1_34' title="bbox 333 3097 1032 3176; baseline -0.001 -19"><span class='ocrx_word' id='word_1_203' title='bbox 333 3097 532 3176; x_wconf 86' lang='lat' dir='ltr'>Membraque</span> <span class='ocrx_word' id='word_1_204' title='bbox 551 3101 591 3160; x_wconf 92' lang='lat' dir='ltr'>de</span> <span class='ocrx_word' id='word_1_205' title='bbox 605 3101 680 3160; x_wconf 88' lang='lat' dir='ltr'>dura</span> <span class='ocrx_word' id='word_1_206' title='bbox 696 3102 749 3160; x_wconf 85' lang='lat' dir='ltr'>vix</span> <span class='ocrx_word' id='word_1_207' title='bbox 764 3115 823 3160; x_wconf 88' lang='lat' dir='ltr'>sua</span> <span class='ocrx_word' id='word_1_208' title='bbox 838 3099 914 3160; x_wconf 88' lang='lat' dir='ltr'>tollit</span> <span class='ocrx_word' id='word_1_209' title='bbox 927 3097 1032 3159; x_wconf 89' lang='lat' dir='ltr'>hume.</span> 
     </span>
     <span class='ocr_line' id='line_1_35' title="bbox 142 3181 996 3259; baseline -0.019 -1"><span class='ocrx_word' id='word_1_210' title='bbox 142 3237 154 3258; x_wconf 47' lang='lat' dir='ltr'>u</span> <span class='ocrx_word' id='word_1_211' title='bbox 228 3194 280 3250; x_wconf 76' lang='lat' dir='ltr'>tta</span> <span class='ocrx_word' id='word_1_212' title='bbox 294 3181 386 3242; x_wconf 88' lang='lat' dir='ltr'>Ridet</span> <span class='ocrx_word' id='word_1_213' title='bbox 400 3189 429 3242; x_wconf 91' lang='lat' dir='ltr'>et</span> <span class='ocrx_word' id='word_1_214' title='bbox 443 3183 586 3259; x_wconf 81' lang='lat' dir='ltr'>Alcides,</span> <span class='ocrx_word' id='word_1_215' title='bbox 603 3184 699 3258; x_wconf 88' lang='lat' dir='ltr'>etqui</span> <span class='ocrx_word' id='word_1_216' title='bbox 716 3184 820 3244; x_wconf 91' lang='lat' dir='ltr'>videre</span> <span class='ocrx_word' id='word_1_217' title='bbox 836 3183 996 3257; x_wconf 84' lang='lat' dir='ltr'>iacentem,</span> 
     </span>
     <span class='ocr_line' id='line_1_36' title="bbox 335 3266 939 3344; baseline -0.005 -17"><span class='ocrx_word' id='word_1_218' title='bbox 335 3266 426 3327; x_wconf 88' lang='lat' dir='ltr'>Ridet</span> <span class='ocrx_word' id='word_1_219' title='bbox 440 3274 606 3328; x_wconf 87' lang='lat' dir='ltr'>amatorem</span> <span class='ocrx_word' id='word_1_220' title='bbox 621 3268 709 3344; x_wconf 80' lang='lat' dir='ltr'>Lyde</span> <span class='ocrx_word' id='word_1_221' title='bbox 723 3269 825 3343; x_wconf 88' lang='lat' dir='ltr'>puelia</span> <span class='ocrx_word' id='word_1_222' title='bbox 840 3283 939 3329; x_wconf 88' lang='lat' dir='ltr'>suum.</span> 
     </span>
     <span class='ocr_line' id='line_1_37' title="bbox 293 3348 990 3414; baseline 0.004 -6"><span class='ocrx_word' id='word_1_223' title='bbox 293 3351 388 3410; x_wconf 90' lang='lat' dir='ltr'>Veste</span> <span class='ocrx_word' id='word_1_224' title='bbox 403 3348 480 3410; x_wconf 89' lang='lat' dir='ltr'>deus</span> <span class='ocrx_word' id='word_1_225' title='bbox 496 3352 583 3412; x_wconf 88' lang='lat' dir='ltr'>tusus</span> <span class='ocrx_word' id='word_1_226' title='bbox 598 3352 737 3414; x_wconf 78' lang='lat' dir='ltr'>salientes</span> <span class='ocrx_word' id='word_1_227' title='bbox 753 3352 868 3412; x_wconf 86' lang='lat' dir='ltr'>lumine</span> <span class='ocrx_word' id='word_1_228' title='bbox 882 3357 990 3412; x_wconf 85' lang='lat' dir='ltr'>vestes</span> 
     </span>
     <span class='ocr_line' id='line_1_38' title="bbox 331 3434 1025 3510; baseline -0.003 -17"><span class='ocrx_word' id='word_1_229' title='bbox 331 3434 509 3510; x_wconf 82' lang='lat' dir='ltr'>Non&#39;amat,</span> <span class='ocrx_word' id='word_1_230' title='bbox 525 3442 555 3495; x_wconf 89' lang='lat' dir='ltr'>et</span> <span class='ocrx_word' id='word_1_231' title='bbox 569 3437 670 3498; x_wconf 89' lang='lat' dir='ltr'>nudes</span> <span class='ocrx_word' id='word_1_232' title='bbox 685 3437 725 3496; x_wconf 89' lang='lat' dir='ltr'>ad</span> <span class='ocrx_word' id='word_1_233' title='bbox 745 3453 802 3497; x_wconf 90' lang='lat' dir='ltr'>sua</span> <span class='ocrx_word' id='word_1_234' title='bbox 819 3451 910 3497; x_wconf 86' lang='lat' dir='ltr'>sacra</span> <span class='ocrx_word' id='word_1_235' title='bbox 923 3443 1025 3495; x_wconf 90' lang='lat' dir='ltr'>vocat.</span> 
     </span>
     <span class='ocr_line' id='line_1_39' title="bbox 280 3517 1065 3594; baseline 0.01 -18"><span class='ocrx_word' id='word_1_236' title='bbox 280 3517 385 3578; x_wconf 79' lang='lat' dir='ltr'>¹Adde</span> <span class='ocrx_word' id='word_1_237' title='bbox 400 3519 570 3594; x_wconf 88' lang='lat' dir='ltr'>peregrinis</span> <span class='ocrx_word' id='word_1_238' title='bbox 588 3534 714 3594; x_wconf 74' lang='lat' dir='ltr'>caumas,</span> <span class='ocrx_word' id='word_1_239' title='bbox 732 3536 800 3580; x_wconf 89' lang='lat' dir='ltr'>mea</span> <span class='ocrx_word' id='word_1_240' title='bbox 814 3519 919 3588; x_wconf 88' lang='lat' dir='ltr'>Musa,</span> <span class='ocrx_word' id='word_1_241' title='bbox 936 3519 1065 3584; x_wconf 74' lang='lat' dir='ltr'>Latinas.</span> 
     </span>
    </p>
   </div>
   <div class='ocr_carea' id='block_1_3' title="bbox 0 0 1198 3928">
    <p class='ocr_par' dir='ltr' id='par_1_3' title="bbox 0 0 1198 3928">
     <span class='ocr_line' id='line_1_40' title="bbox 0 0 1198 3928; baseline 0 0"><span class='ocrx_word' id='word_1_242' title='bbox 0 0 1198 3928; x_wconf 95' lang='lat' dir='ltr'> </span> 
     </span>
    </p>
   </div>
  </div>
 </body>
</html>
