2450 3932
156 237 200 303 5⁰
554 233 782 298 TRISTIUM

238 392 316 453 Dum
329 397 430 450 tamen
445 404 522 449 aura
534 393 627 464 tepet,
641 388 743 448 medio
759 385 952 448 defendimur
965 388 1094 450 Histro·

278 475 333 535 Ille
348 473 413 535 suis
428 472 564 548 liquidus
580 471 661 532 bella
674 470 795 548 repellit
809 471 910 547 aquis.

237 559 279 620 At
293 574 362 618 curn
375 557 470 618 tristis
485 555 584 616 hiems
600 555 772 632 squalentia
787 555 913 630 protulit
926 571 990 630 ora,

192 653 227 707 10
276 643 433 717 'ferraque
447 655 619 701 marmoreo
634 639 767 698 candida
781 639 862 699 lacta
875 640 947 713 gelu
961 645 1017 714 est,

240 727 321 788 Dum
333 730 417 785 vetut
426 731 461 784 et
473 723 632 784 boreas-et
644 721 698 782 nix
711 721 850 783 habitare
864 721 924 782 sub
938 725 1042 794 Arcto,

279 811 354 870 Tum
369 811 474 884 liquet
490 808 547 867 has
563 813 671 881 gentes
686 822 745 867 axe
760 811 908 867 tremente
921 807 1028 882 premi.

240 893 299 954 Nix
313 893 401 964 iacet,
417 899 447 955 et
461 892 571 953 iactam
585 906 643 951 nee
658 892 706 953 sol
722 890 886 965 pluviasve
899 891 1071 965 resolvunt,

281 977 408 1037 indurat
420 974 533 1036 boreas
549 982 793 1050 perpetuamque
807 974 888 1034 lacit.

189 1077 224 1132 15
238 1062 320 1137 Engo
335 1060 387 1121 ubi
402 1059 527 1119 delicuit
539 1059 676 1120 nondum
695 1059 789 1134 prior,
805 1059 902 1118 altera
914 1059 1006 1132 venit,

279 1145 318 1205 lit
332 1145 412 1204 solet
424 1142 455 1202 in
469 1143 570 1202 multis
584 1142 668 1203 bima
681 1158 806 1202 manere
820 1142 908 1202 locis.

239 1231 396 1304 Tantaque
411 1227 554 1287 commoti
569 1227 616 1288 vis
631 1233 680 1287 est
693 1226 855 1302 aquilonis,
870 1232 906 1286 ιιι
919 1227 996 1286 altas

279 1315 403 1388 Aequet
416 1311 509 1372 humo
524 1316 623 1371 turres
638 1317 781 1386 tectaque
795 1317 884 1384 rapta
898 1311 984 1370 ferat.

238 1397 374 1458 Pellibus
389 1402 420 1455 et
433 1395 511 1456 sutis
527 1401 633 1456 arcent
647 1397 726 1454 mala
740 1395 856 1470 frigora
869 1393 1000 1468 braccis,

188 1497 224 1550 no
280 1479 403 1556 Oraque
417 1478 457 1539 de
471 1485 536 1540 toto
552 1495 686 1555 corpore
700 1479 769 1540 sola
783 1485 896 1553 patent.

240 1563 342 1641 Saepe
357 1571 469 1624 sonant
481 1563 554 1624 moti
570 1564 669 1638 glacie
684 1563 838 1638 pendente
854 1563 965 1639 capilli,

279 1649 317 1709 Et
330 1647 406 1708 nitet
419 1648 543 1708 inducto
559 1648 691 1709 candida
704 1647 800 1707 barba
814 1649 894 1721 gelu.

237 1732 389 1807 Nudaque
404 1732 585 1806 consistunt,
601 1734 730 1792 formam
745 1731 901 1792 servantia
913 1737 1019 1802 testae,

279 1817 369 1892 Vina,
385 1832 442 1876 nec
456 1817 567 1877 hausta
580 1816 666 1891 merl,
683 1816 741 1876 sed
755 1815 828 1876 data
842 1816 941 1876 frusta
953 1813 1073 1874 bibunt.

187 1909 221 1964 ιι
236 1901 497 1978 autoramento
513 1899 606 1961 vineti
622 1906 824 1962 concrescant
837 1899 952 1974 frigore
964 1897 1032 1972 rivi,

281 1986 391 2061 Deque
403 1987 474 2045 lacu
489 1985 614 2060 fragiles
629 1985 815 2046 effodiantur
828 1991 950 2060 aquae?

238 2071 321 2145 lpse,
336 2069 516 2145 papyrifero
533 2068 585 2143 qui
600 2085 663 2129 non
678 2070 836 2142 angustior
850 2083 939 2128 amne

247 2225 250 2230 ¹
276 2150 425 2212 Miscetur
438 2159 527 2212 vasto
543 2153 636 2211 multa
650 2153 878 2227 permaneto,

239 2236 404 2298 Caeruleos
418 2235 518 2296 ventis
533 2235 641 2296 latices
656 2235 844 2310 durantibus,
859 2236 961 2296 Hister

185 2324 221 2380 30
278 2320 424 2396 congelat
438 2327 469 2380 et
484 2320 572 2381 tectis
587 2318 618 2378 in
633 2337 717 2380 mare
731 2321 827 2396 serpit
840 2319 941 2394 aquis.

237 2405 367 2481 Quaque
380 2412 463 2466 rates
478 2404 585 2479 ierant,
602 2405 734 2480 pedibus
749 2420 830 2465 nunc
845 2404 911 2482 itur,
930 2411 959 2465 et
973 2404 1076 2464 undas

276 2489 405 2564 Frigore
421 2495 584 2550 concretas
595 2491 711 2564 ungula
725 2491 829 2564 pulsat
843 2487 929 2564 equi:

236 2575 357 2651 Perque
371 2590 472 2635 novos
487 2581 599 2648 pontes
615 2573 721 2633 subter
735 2572 908 2634 labentibus
922 2571 1014 2633 undis

277 2660 399 2719 Ducunt
413 2657 572 2718 Sarmatici
587 2656 718 2717 barbara
732 2660 870 2733 plaustra
884 2656 992 2717 boves.

98 2751 104 2761 '
184 2749 219 2804 35
233 2743 296 2803 Vix
311 2740 456 2817 equidem
471 2741 589 2800 credar.
613 2741 671 2801 sed
687 2757 754 2802 cum
770 2742 831 2802 sint
845 2741 981 2816 praemia
996 2739 1066 2800 falsi

275 2826 373 2899 Nulla,
389 2833 486 2886 ratam
501 2825 593 2885 debet
606 2825 694 2886 testis
709 2827 824 2886 habere
838 2826 941 2885 tidem.

234 2911 377 2971 Vidimus
392 2911 545 2986 ingentem
560 2911 659 2985 glacie
677 2911 848 2972 consistere
863 2915 999 2984 pontum,

275 2995 471 3070 Lubricaque
484 2995 616 3055 inmotas
631 3003 710 3056 testa
725 2994 883 3070 premebat
897 3009 1005 3068 aquas.

234 3080 299 3140 Nec
312 3079 430 3139 vidisse
450 3086 498 3140 sat
512 3087 568 3140 est.
594 3080 704 3140 durum
720 3079 906 3139 calcavimus
921 3092 1048 3152 aequor,

183 3175 219 3230 40
275 3164 428 3240 lindaque
443 3181 505 3224 non
520 3165 582 3225 udo
599 3164 658 3225 sub
674 3165 754 3239 pede
769 3179 888 3224 summa
903 3160 967 3221 fuit.

152 3301 156 3306 .
236 3247 269 3310 Si
283 3247 337 3310 tibi
348 3250 412 3309 tale
429 3250 539 3311 fretum
556 3251 720 3325 quondam,
733 3248 884 3323 Leandre,
900 3246 1020 3316 fuisset,

273 3334 340 3395 Non
356 3334 435 3395 foret
449 3342 598 3410 angustae
613 3351 696 3394 mors
711 3341 764 3395 tua
779 3333 892 3393 crimen
908 3345 1018 3408 aquae.

235 3421 311 3482 Tum
325 3435 427 3494 neque
442 3435 476 3478 se
492 3420 586 3494 pandi
601 3427 735 3495 possunt
749 3417 911 3493 delphines
926 3415 958 3476 in
972 3428 1065 3475 auras

276 3503 405 3564 Tollere.
430 3509 577 3563 conantes
592 3504 671 3566 dura
684 3507 808 3566 coercet
820 3503 930 3562 hiems.
