2450 3932
450 259 484 320 n,
505 247 683 313 abl—³39.

173 401 259 462 Stant
272 413 375 460 tamen
390 401 442 462 illa
456 401 520 462 suis
536 403 637 463 omnia
650 409 714 464 tuta
727 405 814 468 loeis.

128 486 170 546 Et
184 487 291 561 procul
307 501 327 544 a
342 485 457 561 scripta
472 487 547 546 solis
563 487 771 550 meretricibus
785 493 859 553 Arte

173 569 352 630 Summovet
367 569 515 645 ingenuas
530 571 643 646 pagina
658 573 755 646 prima
770 592 872 637 nurus.

62 663 117 716 305
129 653 350 729 Quaecumque
364 653 510 730 irrumpit,
533 670 595 730 quo
611 671 672 715 non
690 657 762 720 sinit
778 659 822 720 ire
836 661 996 736 sacerdos,

175 738 316 798 Protinus
332 736 393 799 hoo
408 738 491 798 vetiti
506 738 640 800 criminis
656 747 725 800 acta
737 758 792 802 rea
807 751 862 804 est.

125 821 191 884 Nec
207 828 310 882 tamen
325 828 373 882 εει
388 822 505 883 lacinus
522 839 631 883 versus
647 825 791 886 evolvere
806 828 924 889 molles.

175 906 270 966 Multa
284 906 357 967 licet
371 914 474 967 castae
488 923 550 967 non
565 907 707 969 iacienda
720 908 831 984 legant.

130 989 233 1066 Saepe
250 991 409 1066 supercilii
424 990 524 1052 nudas
539 998 677 1053 matrona
691 995 793 1054 severi

64 1084 121 1137 310
175 1075 212 1134 Et
228 1075 351 1136 veneris
366 1081 482 1136 stantes
498 1075 538 1136 ad
552 1092 650 1152 genus
666 1093 755 1140 omne
770 1079 863 1140 videt.

130 1159 271 1234 Corpora
284 1159 428 1220 Vestales
443 1161 524 1221 oculi
538 1162 708 1223 meretricia
723 1172 858 1240 cernunt,

168 1243 230 1302 Nec
246 1243 371 1304 domino
386 1259 507 1320 poenae
520 1261 570 1306 res
586 1261 623 1305 ea
637 1261 731 1306 causa
746 1248 810 1308 luit.

126 1327 172 1387 At
184 1342 239 1388 cur
252 1327 284 1386 in
299 1334 406 1388 nostra
420 1328 513 1388 nimia
527 1335 574 1388 εει
587 1329 715 1390 lascivia
728 1331 826 1406 Musa,

175 1410 275 1472 curve
288 1427 376 1473 meus
391 1412 532 1488 cuiquam
547 1413 657 1474 suadet
671 1430 774 1475 amare
788 1415 885 1477 libert

68 1503 121 1559 315
132 1495 183 1555 Nil
197 1495 256 1556 uisi
271 1503 431 1570 peccatum
447 1497 670 1573 manifestaque
685 1499 776 1575 culpa
790 1500 946 1562 latendum
960 1511 1017 1562 est.

172 1579 309 1640 Paenitet
323 1580 436 1654 ingenii
450 1580 616 1656 iudiciique
631 1582 700 1641 mei.

125 1664 188 1724 Cur
201 1679 264 1724 non
278 1663 432 1739 Argolicis
448 1665 550 1740 potius
565 1681 644 1740 quae
659 1667 793 1727 concidit
806 1667 899 1728 armis

172 1750 293 1808 Vexata
308 1753 356 1808 est
369 1748 475 1808 iterum
492 1749 625 1809 carmine
639 1749 729 1810 Troia
742 1757 833 1810 meot

132 1831 193 1892 Cur
206 1832 287 1892 tacui
301 1832 421 1892 Thebas
437 1838 467 1892 et
481 1839 584 1891 mutua
595 1833 722 1893 vulnera
741 1834 873 1908 fratrum,

71 1923 122 1979 tto
174 1916 210 1974 Et
226 1922 343 1992 septem
359 1924 474 1993 portas,
495 1916 552 1976 sub
568 1917 647 1976 duce
661 1934 815 1993 quamque
830 1925 911 1980 suot

131 2000 197 2060 Nec
210 2001 283 2060 mihi
297 2001 454 2061 rnateriam
468 2000 608 2061 bellatrix
621 2002 720 2061 Roma
734 2000 872 2078 negabat,

174 2084 212 2143 Et
226 2084 295 2159 pius
309 2089 365 2163 est,
388 2086 506 2161 patriae
521 2086 602 2144 lacta
615 2086 738 2160 reterre,
760 2086 858 2147 labor.
873 2137 880 2155 ,

131 2167 272 2242 Denique
287 2183 357 2228 curn
370 2170 486 2230 meritis
502 2169 677 2245 impleveris
693 2170 804 2246 omnia,
828 2171 948 2246 Caesar,

174 2250 247 2312 Pars
262 2252 336 2312 mihi
351 2254 391 2313 de
406 2253 506 2314 multis
522 2269 583 2312 una
599 2255 737 2315 canenda
752 2255 821 2315 luit:

72 2341 123 2398 aab
132 2335 235 2412 thue
248 2336 372 2397 trabunt
385 2337 492 2397 oculos
507 2337 656 2398 radiantia
671 2338 785 2399 lumina
799 2338 884 2414 solis,

176 2421 353 2480 traxissent
366 2419 499 2482 animum
514 2421 559 2480 sic
571 2428 625 2482 tua
639 2422 720 2481 lacta
733 2438 843 2482 meum.

134 2506 257 2578 Arguor
270 2504 420 2565 inmerito.
453 2505 553 2566 tenuis
568 2505 641 2565 mihi
656 2520 783 2580 campus
798 2512 915 2565 aratur:

173 2588 248 2647 Illud
265 2595 331 2648 erat
343 2604 473 2664 magnae
487 2589 646 2650 fertilitatis
663 2605 752 2664 opus.

131 2671 199 2732 Non
214 2672 286 2733 ideo
302 2672 394 2733 debet
408 2675 518 2750 pelago
534 2689 569 2733 se
584 2674 720 2749 credere,
744 2671 770 2732 si
787 2689 848 2748 qua

70 2761 123 2815 330
174 2755 275 2816 Audet
288 2756 320 2815 in
337 2757 449 2832 exiguo
464 2757 572 2818 ludere
585 2756 696 2833 cymba
711 2759 790 2818 lacu.

131 2837 285 2900 Forsan...
301 2847 332 2899 et
342 2841 402 2900 hoc
414 2833 583 2903 cubitem..
598 2840 733 2902 numeris
744 2840 912 2902 levioribus
924 2848 1014 2918 aptus

174 2919 236 2984 Sim
251 2924 337 2998 satis,
360 2924 390 2983 in
405 2941 520 3001 parvos
535 2923 749 3000 sufficiamque
764 2924 891 2986 modos:

132 3008 176 3066 Αι
189 3005 215 3066 si
229 3021 278 3068 me
292 3007 401 3070 iubeas
415 3009 548 3071 domitos
563 3009 646 3070 lovis
661 3009 732 3084 igne
746 3008 890 3085 Gigantas

172 3090 289 3166 Dicere,
311 3098 470 3155 conantem
486 3091 656 3154 debilitabit
670 3109 759 3154 onus.

71 3179 122 3234 ³35
134 3173 244 3235 Divitis
259 3176 373 3252 ingenii
388 3183 435 3238 est
448 3177 591 3238 immunia
606 3177 745 3238 Caesaris
760 3183 829 3238 acta

141 3275 146 3284 ·
173 3256 321 3336 Condere,
343 3262 469 3321 materia
483 3277 522 3322 ne
536 3268 698 3337 superetur
713 3276 803 3338 opus.

130 3341 171 3400 Et
184 3347 284 3403 tumen
300 3359 397 3405 ausus
416 3360 509 3405 eram.
539 3344 596 3405 sed
612 3346 781 3406 detractare
796 3345 932 3421 videbar,

173 3425 325 3503 Quodque
341 3429 439 3505 netas,
462 3429 574 3490 damno
589 3427 705 3489 viribus
720 3445 792 3491 esse
805 3430 875 3490 tuis.

125 3509 180 3568 Ad
196 3511 265 3570 leve
279 3527 387 3574 rursus
403 3529 492 3591 opus,
514 3513 659 3574 iuvenilia
674 3513 815 3588 carmina,
835 3510 916 3582 veni,
