2492 3926
168 199 232 288 aao
543 193 796 256 rnsroauu

254 349 425 427 Appulerat
440 349 527 426 ripae
543 362 655 408 vaccas
673 346 804 410 Oetaeus
820 349 966 410 Hiberas:

188 445 240 500 510
297 434 406 508 Audit,
427 439 458 493 et
471 433 511 491 ad
527 447 635 493 vocem
650 433 788 494 concitus
804 441 891 509 urget
904 435 969 495 iter.

251 517 391 578 Herculis
407 516 556 591 adventu,
572 531 652 591 quae
666 516 728 574 vim
743 518 835 580 modo
851 520 930 578 lerre
944 517 1109 592 parabant,

290 601 405 678 Turpia
420 600 569 661 femineae
584 607 670 674 terga
685 601 801 662 dedere
815 603 916 677 lugae.

252 687 343 762 ‘Quid
353 685 433 762 petis
446 684 570 759 binc,’...
584 694 732 758 cognorat
743 686 854 746 enbn...
867 690 1042 746 ‘matertera
1052 685 1198 746 Bacchis

291 771 340 830 An
360 785 470 829 numen
487 769 571 844 quod
587 783 650 842 me,
670 775 700 828 te
716 786 841 845 quoque
854 775 979 830 vexate
996 770 1048 831 ait.

188 863 239 916 515
255 856 309 915 llla
325 853 416 914 docet
429 853 552 929 partim,
573 853 684 928 partim
700 855 875 929 praeseutia
888 854 950 914 uoti

295 939 448 1011 continet,
465 945 495 997 et
510 936 595 996 iuriis
615 936 646 995 in
663 938 767 998 scelus
782 939 847 998 isse
862 938 967 1013 pudet.

250 1024 381 1095 Rumor,
403 1029 436 1083 ut
450 1027 498 1082 est
511 1021 620 1092 velox,
638 1021 758 1095 agitatis
774 1023 916 1099 pervolat
930 1022 998 1095 alis,

290 1107 408 1181 Estque
423 1107 584 1180 frequens,
600 1104 669 1180 Ino,
688 1122 800 1167 nomen
816 1107 846 1165 in
864 1121 918 1167 ore
932 1113 1025 1166 tuum.

249 1191 382 1265 Hospita
396 1189 562 1249 Carmentis
578 1189 659 1250 lidos
674 1190 807 1251 intrasse
821 1198 949 1267 penates

187 1287 238 1342 sao
293 1275 428 1347 Diceris,
443 1279 474 1331 et
487 1273 610 1347 longam
626 1273 814 1349 deposuisse
828 1276 949 1336 lamam.

168 1351 176 1364 ⁴
250 1358 326 1418 Liba
340 1371 396 1418 sua
411 1363 576 1431 properata
590 1373 682 1418 mauu
700 1361 841 1434 Tegeaea
855 1358 1003 1420 sacerdos

289 1441 430 1502 Traditur
450 1440 479 1498 in
499 1439 600 1501 subito
617 1448 705 1502 cocta
724 1443 850 1503 dedisse
866 1444 945 1504 loco.

249 1526 336 1586 Nunc
351 1539 474 1600 quoque
488 1524 550 1584 liba
565 1524 669 1585 iuvant
683 1527 769 1587 lestis
785 1526 960 1589 Matralibus
974 1527 1074 1586 illam=

290 1610 416 1670 Rustica
432 1608 580 1669 sedulitas
595 1610 709 1685 gratior
722 1617 788 1671 arte
803 1611 867 1670 luit.

184 1701 234 1756 515
250 1694 375 1768 ‘Noua’
391 1693 433 1752 ait
447 1696 478 1752 ‘o
494 1699 596 1768 vates,
613 1694 764 1754 venientia
779 1695 841 1755 sata
854 1695 985 1770 resigna,

291 1779 356 1852 Qua
370 1778 449 1836 licet.
478 1777 622 1853 hospitiis
640 1777 715 1853 hoc,
732 1794 856 1854 precor,
874 1779 955 1838 adde
969 1779 1071 1838 meis!

249 1863 346 1922 Parva
365 1868 529 1934 moreest,
546 1863 664 1921 caelum
681 1869 769 1924 vates
786 1880 823 1924 ao
837 1863 961 1925 numina
979 1863 1079 1938 sumit,

292 1947 400 2021 Fitque
415 1947 464 2006 sui
478 1950 542 2007 toto
559 1953 684 2021 pectore
698 1947 790 2023 plena
805 1947 865 2007 dei.

247 2032 309 2090 Vix
325 2031 406 2090 illam
421 2030 521 2090 subito
539 2045 651 2104 posses
666 2046 872 2106 cognoscere,
886 2037 969 2091 tanto

184 2127 236 2180 540
292 2113 433 2174 Sanctior
453 2120 483 2173 et
497 2121 596 2188 tanto,
614 2129 705 2188 quam
719 2115 828 2187 modo,
845 2114 944 2175 maior
958 2121 1031 2174 erat.

249 2197 355 2256 ‘Laeta
369 2213 487 2258 canam.
517 2198 633 2271 gaude,
654 2199 799 2259 deluuota
811 2198 968 2259 laboribus
983 2199 1066 2259 lnot‘

289 2281 372 2341 Dixit
386 2283 428 2341 ‘et
441 2280 513 2341 huic
530 2283 644 2357 populo
661 2298 813 2358 prospera
827 2298 950 2359 semper
964 2283 1056 2343 odes!

248 2366 365 2426 Numen
379 2364 477 2426 habes
494 2365 605 2442 pelagi.
635 2373 737 2426 natum
758 2381 884 2442 quoque
901 2373 1013 2442 pontus
1028 2365 1169 2428 babebit.

289 2451 321 2509 In
338 2450 449 2510 vestris
465 2450 546 2509 aliud
563 2450 672 2510 sumite
687 2466 798 2512 nomen
818 2451 917 2526 aquis.

182 2541 232 2594 545
247 2534 423 2594 Leucothea
438 2533 541 2609 Grais,
561 2534 677 2596 Matuta
690 2533 844 2596 vocabere
859 2535 990 2595 nostris:

287 2619 320 2677 ln
336 2625 444 2694 portus
459 2626 530 2679 nato
546 2617 594 2678 ius
611 2619 668 2679 erit
688 2634 778 2680 omne
791 2627 854 2680 tuo.

247 2701 342 2775 Quem
357 2719 414 2762 nos
429 2701 611 2776 Portunum,
628 2719 685 2763 sua
699 2703 803 2778 lingua
816 2703 1002 2764 Palaemona
1017 2701 1112 2763 dicet.

286 2787 344 2856 lte,
363 2799 488 2860 precor,
503 2785 617 2846 nostris
632 2802 751 2863 aequus
766 2795 893 2862 uterque
910 2787 987 2848 loeis
997 2790 1016 2844 t’

245 2868 415 2930 Anuucrat.
447 2871 602 2945 promissa
616 2870 705 2931 fides.
736 2887 871 2946 posuere
886 2871 1027 2932 labores=

182 2969 234 3022 550
287 2953 418 3014 Nomina
431 2959 592 3016 mutarunt.
622 2954 672 3014 bio
686 2954 781 3030 dous,
800 2955 852 3016 illa
871 2957 931 3016 dea
945 2965 1002 3015 est.

247 3037 306 3097 Cur
319 3046 402 3099 vetet
415 3039 541 3099 ancillas
557 3039 719 3112 accedere,
736 3039 904 3113 quaeritist
933 3038 1016 3099 Odit:

286 3120 534 3198 Principiumque
549 3124 627 3197 odii,
644 3123 672 3183 si
685 3124 768 3184 sinat
780 3119 846 3199 ill'a,
862 3139 979 3184 canam.

245 3205 313 3267 Una
328 3206 534 3268 ministrarum
550 3209 640 3268 solita
655 3213 717 3284 est,
734 3207 874 3281 Cadmei,
890 3215 1008 3268 tuarum

288 3288 390 3363 Saepe
409 3290 466 3350 sub
482 3293 642 3365 amplexus
658 3291 799 3365 coniugis
814 3291 859 3351 ire
873 3292 926 3352 tui.

180 3379 231 3432 555
246 3371 408 3444 improbus
423 3372 503 3432 hanc
517 3373 664 3434 Athamas
680 3374 782 3434 furtim
798 3375 913 3434 dilexit.
943 3373 982 3432 ab
997 3374 1051 3434 illa

292 3453 445 3530 comperit
463 3456 607 3530 agricolis
627 3458 745 3516 semina
759 3464 842 3519 tosta
857 3458 931 3518 dari.

1234 3683 1237 3882 l
