2372 3928
304 237 361 309 lv,
385 235 440 310 14,
462 236 604 312 48-16,
629 237 677 299 15.
941 240 1003 304 199

107 393 241 468 itemque
258 395 338 448 tuam
353 403 454 463 ponas
469 388 499 450 in
514 391 639 452 meliore
654 392 738 451 loco!

77 477 154 550 Quod
170 473 314 550 quonlam
329 471 358 532 in
376 472 424 532 dis
439 479 495 546 est,
519 479 632 550 tempta
646 475 740 534 lenire
755 477 912 548 precando

109 559 241 631 Numina,
263 562 413 631 perpetua
428 572 507 631 qnae
521 559 634 633 pietate
651 559 737 618 colis.

44 642 185 708 aallrroris
199 657 268 700 narn
284 646 325 716 tu,
347 640 401 699 vix
416 646 464 699 est
477 641 662 718 discernere,
685 642 782 702 nostri

113 725 158 786 Sis
172 731 380 799 argumentum
396 723 503 800 maius,
526 742 562 785 an
580 727 734 788 auxilium.

79 809 131 870 Nec
145 809 286 869 dubitans
303 823 368 868 nro.
399 808 456 868 sed
472 809 595 868 llumine
610 825 710 885 saepe¹
721 811 858 873 secundo

113 895 245 968 Augetur
259 892 352 951 remis
368 900 478 952 cursus
494 892 593 952 euntis
608 909 718 974 aquae.

15 1027 17 1032 .
80 976 110 1036 m
123 977 223 1052 pudet,
247 983 278 1034 ot
292 984 393 1038 metuo
410 992 595 1052 semperque
610 979 780 1053 eademque
797 978 924 1052 precari,

47 1067 73 1122 lo
114 1061 155 1120 lle
169 1059 298 1120 subeant
312 1060 412 1120 animo
429 1061 531 1121 taedia
545 1062 623 1121 iusta
638 1069 699 1123 tuo.

80 1146 182 1204 Verum
198 1144 271 1220 quid
287 1145 417 1204 inciam?
439 1159 489 1204 res
505 1145 695 1206 inmoderata
709 1145 821 1220 cupido
837 1152 893 1206 est.

113 1229 155 1288 lia
167 1228 288 1288 veniam
304 1228 385 1303 vitio,
406 1229 487 1290 milis
502 1230 607 1304 amice,
628 1245 708 1291 meo.

82 1311 210 1372 Scribere
225 1328 321 1387 saepe
336 1313 417 1373 aliud
432 1313 561 1387 cupiens
577 1313 704 1374 delabor
721 1314 846 1375 eodem2

115 1397 181 1471 lpsa
196 1397 297 1456 locum
312 1413 368 1472 per
382 1412 416 1456 se
431 1397 527 1456 littera
542 1404 646 1459 nostra
661 1405 757 1474 rogat.

49 1487 73 1539 lt
83 1479 135 1539 Seu
149 1489 247 1540 tamen
264 1479 392 1541 effectus
406 1479 546 1542 habitura
561 1489 609 1542 est
622 1484 726 1557 gralia,
749 1498 805 1542 seu
820 1496 868 1540 me

116 1564 194 1624 liura
208 1565 291 1625 iubet
306 1565 407 1638 gelido
421 1564 516 1625 Parca
531 1566 589 1625 sub
604 1582 663 1626 axe
677 1567 768 1626 mori:

84 1646 200 1723 Semper
213 1649 338 1711 inoblita
352 1655 488 1723 repetam
503 1656 554 1709 tua
571 1666 696 1710 munera
710 1656 820 1724 mente,

116 1733 152 1792 Et
165 1749 229 1792 mea
242 1749 291 1792 me
305 1733 395 1794 tellus
410 1733 514 1792 audiet
527 1748 598 1793 esse
613 1741 706 1794 tuum.

84 1815 184 1875 Audict
198 1823 227 1876 et
242 1819 327 1876 caelo
344 1817 445 1893 posita
459 1824 506 1876 est
521 1833 730 1894 quaecumque
746 1816 802 1878 sub
818 1817 878 1891 illo,

53 1903 78 1954 ll
120 1899 232 1961 Transit
247 1909 352 1962 nostra
367 1901 448 1961 leros
465 1901 491 1960 si
507 1901 598 1962 modo
614 1903 703 1964 Musa
719 1904 827 1964 Getas:

85 1982 176 2056 Teque
190 2001 276 2045 meae
291 2001 415 2046 causam
431 1991 681 2063 servatoremque
697 1985 814 2058 salutis,

119 2067 228 2144 Meque
243 2079 326 2130 tuum
342 2070 417 2131 libra
432 2070 511 2130 norit
525 2077 556 2130 et
571 2086 641 2130 aere
656 2065 766 2131 minus.

34 2249 79 2341 lb
124 2289 414 2355 nornvronm.

88 2369 193 2482 invide,
217 2406 293 2480 quid
308 2407 425 2468 laceras
439 2407 571 2468 Nasonis
587 2406 721 2466 carmina
736 2404 834 2479 raptio

123 2490 183 2552 lton
199 2491 279 2551 solet
293 2491 422 2565 ingeniis
438 2507 556 2552 summa
570 2505 683 2550 nocere
699 2489 774 2561 dies,

88 2571 227 2650 Famaque
243 2583 315 2650 post
329 2576 446 2635 cineres
462 2576 559 2635 maior
573 2574 663 2634 venit.
696 2572 811 2632 etmihi
826 2586 935 2632 nomen

122 2658 199 2720 Tunc
215 2675 347 2734 quoque,
369 2675 437 2719 cum
452 2660 532 2719 vivis
547 2659 772 2729 adnumerarer,
794 2663 877 2715 erat.¹

15 2755 17 2764 ’
65 2739 147 2802 tcum
163 2745 239 2803 loret
252 2749 284 2802 et
297 2743 418 2803 Marsus
434 2744 598 2818 magnique
613 2741 756 2801 Rabirius
773 2741 835 2802 oris

122 2825 289 2902 Iliacusque
302 2827 406 2886 Macer
420 2827 622 2900 sidereusque
637 2825 735 2884 Pedo:

15 2919 17 2962 ἰ
88 2906 125 2980 Et,
146 2911 194 2985 qui
208 2911 356 2971 lunonem
372 2911 514 2972 laesisset
527 2911 558 2969 in
572 2908 712 2982 Hercule,
733 2908 836 2982 Carus,

15 3009 16 3012 ¹
121 2992 240 3054 lunonis
256 2993 283 3054 si
302 3010 363 3054 non
379 2995 436 3054 iarn
453 3011 547 3070 gener
562 2993 611 3052 ille
628 2994 719 3053 ioret=
789 3013 790 3016 ¹

15 3127 16 3136 ,
90 3073 194 3153 Quique
211 3078 295 3138 dedit
310 3079 394 3138 Latio
412 3094 530 3138 carmen
548 3079 650 3152 regale
666 3075 809 3149 Severus

58 3167 81 3218 10
121 3159 154 3220 ln
168 3177 236 3222 cum
252 3163 354 3223 subtili
369 3161 491 3223 Priscus
506 3170 636 3236 uterque
650 3161 761 3221 Numa:
1025 3217 1026 3220 ,

16 3275 17 3324 q
90 3241 193 3320 Quique
208 3247 257 3306 vel
272 3245 439 3321 imparibus
455 3247 597 3320 numeris,
616 3245 770 3317 Montana,
794 3244 844 3302 vel
859 3243 965 3318 aequis

122 3327 249 3403 Sulliois,
273 3337 304 3390 et
316 3330 438 3405 gemino
455 3330 587 3392 carmine
602 3345 712 3389 nornen
728 3328 839 3388 habes:

17 3423 18 3466 l
89 3408 117 3468 llt
130 3413 178 3486 qui
193 3413 368 3490 Penelopae
383 3414 553 3475 rescribere
569 3413 658 3474 iussit
671 3412 791 3486 Ulixen,

120 3493 273 3558 Errantem
289 3514 384 3558 saevo
400 3514 455 3573 per
470 3499 532 3558 duo
548 3499 644 3557 lustra
658 3497 741 3568 mari,

54 3581 79 3633 15
90 3575 195 3656 Quique
210 3599 299 3644 suam
313 3582 448 3643 Troezen
466 3582 736 3658 imperfectumque
753 3579 870 3639 ‹liarum
973 3611 995 3618 -
