2372 3928
142 233 205 298 240
522 229 776 290 instabunt

225 385 363 461 Namque
379 383 467 444 trium
482 383 639 455 urirrimus,
655 381 758 456 proles
773 380 936 440 manifesta
951 381 1100 457 Superbi,

264 468 299 529 In
314 467 434 528 medios
448 468 555 528 hostes
570 473 661 526 nocte
675 464 784 525 silente
801 465 891 523 verrit.

225 552 380 612 Nudarant
392 550 529 625 gladios:
550 548 711 610 ‘Occidile'
727 547 804 608 dixit
818 547 991 608 ‘inermemt

266 637 333 696 Hoc
348 633 473 708 cupiant
487 635 594 694 iratres
608 631 855 707 Tarquiniusque
870 638 967 706 pater,

159 723 210 779 695
227 719 282 793 Qui
298 733 366 778 mea
381 718 497 778 crudeli
512 717 657 778 laceravit
671 716 799 776 verbere
814 719 921 788 terga!

263 804 372 862 Dicere
391 807 421 861 ut
438 802 497 863 boc
513 809 636 878 posset,
653 800 783 860 verbera
796 814 909 872 passus
926 807 1002 857 erat.

223 888 309 947 Luna
324 886 387 945 luit.
416 893 556 961 spectant
570 886 724 956 iuvenem,
740 882 923 957 gladiosque
937 883 1124 956 recondunt,

265 970 438 1044 Tergaque,
455 969 586 1030 deducta
599 976 701 1041 veste,
717 974 821 1027 natata
836 965 948 1026 vident.

224 1054 312 1115 Flent
326 1069 466 1128 quoque,
481 1059 511 1113 et
524 1061 557 1115 ut
571 1067 676 1112 secum
692 1057 811 1110 tueatur
824 1049 918 1124 bella,
936 1060 1116 1126 precantur.

161 1153 213 1210 τοο
265 1137 398 1198 Callidus
413 1137 526 1211 ignaris
540 1136 647 1196 adnuit
659 1135 709 1195 ille
725 1134 807 1194 viris.

226 1220 352 1296 lamque
366 1229 494 1294 potens,
509 1221 605 1280 misso
621 1219 790 1294 genitorem
805 1218 942 1292 appellat
958 1220 1074 1292 amico,

265 1303 416 1364 Perdendi
432 1303 546 1363 Gabios
563 1305 647 1380 quod
662 1302 721 1364 sibi
736 1309 885 1364 monstret
898 1301 967 1363 iter.

224 1387 338 1464 Hortus
355 1387 491 1448 odoratis
507 1387 632 1448 suberat
646 1387 831 1447 cultissimus
847 1385 961 1458 herbis,

262 1469 372 1532 Sectus
388 1471 509 1531 humum
524 1472 591 1532 rivo
606 1474 674 1531 lene
689 1469 826 1530 sonantis
841 1485 950 1545 equae.

162 1566 213 1623 7⁰6
227 1555 291 1614 tttic
304 1555 485 1631 Tarquinius
500 1556 642 1615 mandata
655 1554 778 1615 latentia
791 1553 852 1614 nati

265 1639 399 1714 Accipit,
416 1646 446 1699 et
459 1637 546 1713 virga
562 1639 625 1698 lilia
639 1655 759 1698 summa
772 1639 865 1698 metit.

224 1722 352 1786 Nuntius
368 1729 399 1783 ut
413 1722 517 1797 rediit,
534 1723 730 1796 decussaque
745 1721 807 1780 lilia
822 1719 906 1790 dixit,

265 1806 358 1866 Filius
374 1807 531 1880 ‘Agnosco
548 1806 633 1867 iussa
648 1805 793 1880 parentis’
808 1803 858 1868 ait.

225 1889 287 1949 Nec
301 1905 402 1963 mora,
418 1889 605 1964 principibus
621 1890 721 1951 caesis
736 1905 775 1948 ex
790 1888 864 1948 urbe
879 1885 1008 1958 Gabina,

162 1980 214 2037 710
265 1972 435 2032 Traduntur
450 1973 579 2034 ducibus
596 1974 715 2034 moenia
729 1973 811 2033 nuda
826 1971 900 2032 sois.

224 2057 319 2130 Ecce,
335 2059 421 2117 nefas
438 2057 520 2130 visu,
536 2057 645 2117 mediis
660 2056 805 2117 altaribus
823 2054 929 2129 anguis

266 2139 351 2212 Exit,
366 2147 396 2199 et
410 2140 551 2200 extinctis
566 2140 689 2214 ignibus
705 2149 774 2201 exta
784 2139 878 2214 rapit.

226 2222 396 2282 consulitur
409 2221 560 2284 Phoebus.
590 2223 665 2285 Sors
681 2232 728 2286 est
741 2224 783 2284 ito
797 2223 927 2295 reddita,
944 2222 1057 2284 ‘Matri

267 2305 322 2379 Qui
339 2305 456 2365 dederit
471 2307 614 2383 princeps
631 2310 751 2381 osculo,
768 2309 866 2368 victor
885 2308 965 2366 erit’

163 2393 212 2450 ili
227 2389 340 2450 Oscula
355 2391 487 2466 quisque
502 2407 578 2452 suae
593 2394 678 2452 matri
694 2398 857 2468 properata
871 2392 1019 2466 tulerunt,

263 2473 329 2534 Nou
343 2473 495 2535 intellecto
512 2476 636 2536 credula
651 2476 737 2536 turba
752 2476 822 2535 deo.

224 2551 335 2618 Brutus
350 2566 415 2618 erat
428 2559 509 2618 stulti
524 2559 649 2635 sapiens
664 2559 806 2633 imitator,
822 2566 855 2620 ut
868 2565 951 2618 esset

263 2644 357 2701 Tutus
373 2641 411 2699 ab
427 2641 562 2715 insidiis,
579 2643 645 2703 dire
660 2643 815 2717 Superbe,
831 2643 900 2703 tuis.

227 2725 278 2783 llle
293 2725 396 2783 iacens
412 2740 527 2798 pronus
543 2727 630 2785 matri
645 2727 728 2787 dedit
743 2728 850 2786 oscula
862 2728 983 2799 Terrae,

163 2819 213 2875 tab
269 2805 406 2867 Creditus
425 2806 546 2869 olienso
562 2810 764 2884 procubuisse
780 2811 868 2886 pede.

228 2890 361 2964 Cingitur
374 2890 489 2954 interea
502 2893 649 2954 Romanis
663 2895 767 2953 Ardea
783 2894 888 2968 signia,

262 2973 300 3034 Et
313 2974 425 3048 patitur
441 2978 539 3037 lentos
559 2977 721 3037 obsidione
735 2993 847 3037 moras

224 3057 302 3117 Dum
321 3066 422 3133 vacat,
438 3065 468 3119 et
481 3066 617 3122 metuunt
631 3061 737 3121 hostes
752 3060 938 3120 committere
953 3075 1121 3138 pugnam,

264 3141 391 3203 Luditor
403 3142 435 3201 in
449 3145 574 3218 castris,
590 3145 652 3205 otia
665 3145 753 3205 miles
764 3145 838 3220 agit.

162 3232 212 3289 lia
225 3224 405 3299 Tarquinius
420 3227 538 3288 iuvenIs
555 3229 658 3288 socios
673 3228 868 3304 dapmusque
882 3242 1044 3303 meroque

266 3309 395 3384 Accipit.
425 3312 538 3372 exiliis
557 3328 629 3386 rege
644 3321 764 3373 creatus
779 3311 834 3371 ait:

225 3392 313 3452 ‘Dum
329 3409 386 3452 nos
403 3394 536 3454 difficilis
551 3395 637 3469 pigro
653 3403 734 3456 tenet
746 3397 851 3455 Ardea
865 3394 956 3469 bello,

266 3475 328 3534 Nec
342 3477 414 3536 sinit
433 3479 473 3537 ad
488 3477 602 3553 patrios
617 3495 700 3538 arma
715 3479 829 3538 referre
845 3477 931 3552 deor,
