2492 3926
521 211 577 285 vt,
599 209 777 272 ola-594.

221 365 295 440 ipsa
314 363 439 440 quidem
454 364 567 426 iecisse
584 372 689 440 negat,
706 365 762 425 sed
777 365 858 426 lema
873 367 998 443 recepit.

262 447 329 508 lloc
346 455 408 521 ost,
424 463 479 509 cur
493 448 564 508 odio
580 448 619 508 sit
634 449 685 508 tibi
706 465 797 510 serva
812 466 929 510 manus.

220 531 287 592 Non
300 538 402 592 tamen
418 532 496 593 hanc
512 548 568 608 pro
584 535 680 609 stirpe
696 551 753 596 soa
768 533 819 609 pia
833 541 929 600 mater
944 535 1060 596 adoret.

151 621 206 680 560
261 616 334 692 lpsa
349 632 456 692 parum
472 617 546 676 ielix
562 617 629 678 visa
643 619 740 678 luisse
755 633 877 692 parens.

219 700 352 760 Alterius
370 702 486 776 prolem
501 701 610 762 melius
626 701 809 762 mandabitis
825 701 876 761 illi.

260 785 368 846 Utilior
380 785 521 860 Baccho,
538 802 629 860 quarn
645 785 699 846 luit
714 787 783 861 ipsa
798 787 873 846 suis.

217 869 304 930 Hanc
319 869 386 944 tibi,
405 869 484 944 ‘Quo
502 874 683 945 properasr’
706 879 874 940 memorant
895 871 1027 946 dixisse,
1043 871 1133 932 Rutili

260 955 353 1014 ‘Luce
372 969 441 1014 mea
454 954 557 1014 Marso
573 955 681 1014 consul
696 953 734 1016 ab
750 953 840 1014 hoste
854 955 970 1016 cades!

151 1039 204 1095 565
217 1036 325 1097 Exitus
343 1038 476 1098 accessit
490 1037 602 1098 verbis.
633 1037 810 1112 flumenque
824 1039 930 1098 Toleni

260 1120 449 1196 Purpureum
464 1121 567 1182 mixtis
582 1123 732 1196 sanguine
744 1121 835 1184 lluxit
850 1123 949 1198 aquis.

217 1203 378 1265 Proximus
394 1222 492 1266 annus
512 1211 591 1266 erat:
620 1205 787 1266 Pallantide
803 1221 913 1266 caesus
929 1207 1037 1266 eadem

259 1288 366 1349 Didius
382 1289 509 1350 hostiles
525 1289 721 1364 ingeminavit
735 1306 823 1366 opes.

218 1373 283 1433 Lux
299 1372 423 1448 eadem,
437 1374 585 1446 Fortuna,
603 1381 732 1447 tuaest,
748 1376 1108 1452 auctorque„locrrsque.

149 1469 203 1524 570
259 1455 322 1517 Sed
336 1459 550 1532 superiniectis
570 1459 638 1534 quis
654 1459 726 1520 latet
741 1459 798 1518 iste
813 1459 916 1532 togis?

218 1539 342 1602 Servius
358 1549 412 1601 est.
443 1543 503 1602 iam
518 1549 639 1603 constat
653 1543 742 1604 enim.
772 1540 836 1602 Sed
855 1557 949 1601 causa
965 1543 1078 1604 latendi

258 1627 434 1701 Discrepat,
450 1634 480 1686 et
493 1626 618 1686 dubium
632 1642 680 1686 me
696 1642 821 1702 quoque
837 1625 945 1686 mentis
961 1626 1062 1686 habet.

216 1710 294 1770 Dum
309 1710 368 1771 dea
382 1709 509 1771 furtivos
525 1710 629 1770 timide
645 1711 804 1786 profitetur
818 1725 947 1782 amores

258 1794 488 1871 caelestemque
504 1794 618 1854 homini
634 1795 838 1856 concubuisse
854 1794 987 1870 pudet...

148 1884 200 1942 stt
215 1878 299 1938 Arsit
313 1878 393 1938 enim
408 1875 517 1955 magno
534 1887 675 1954 correpta
690 1880 832 1954 cupidine
846 1879 937 1953 regie,

259 1964 419 2038 Caecaque
433 1965 463 2023 in
476 1963 537 2025 hoc
551 1980 612 2024 uno
628 1979 689 2024 non
706 1964 761 2023 luit
776 1964 826 2023 illa
841 1962 939 2022 viro...

215 2047 310 2108 Nocte
324 2048 447 2108 domum
463 2063 560 2123 parva
577 2048 668 2108 solita
682 2055 729 2108 est
744 2049 855 2108 intrare
871 2047 1020 2106 fenestra=

256 2131 346 2192 Unde
359 2131 549 2192 Fenestellae
567 2133 691 2193 nomina
706 2139 793 2206 porta
809 2137 897 2191 tenet.

216 2215 302 2276 Nunc
317 2215 427 2291 pudet,
444 2225 474 2276 ct
488 2217 590 2276 voltus
607 2217 756 2276 velamine
769 2217 847 2276 celat
860 2222 987 2290 amatos

151 2313 205 2368 580
263 2297 385 2374 Oraque
399 2307 471 2360 sunt
486 2303 578 2360 multa
598 2302 777 2375 regiatecta
792 2307 871 2374 toga.

217 2385 266 2442 An
282 2384 379 2459 magis
393 2392 442 2444 est
456 2399 575 2458 verum,
592 2392 663 2460 post
676 2384 752 2444 Tulli
769 2383 874 2442 lunera
890 2383 1010 2458 plebem

257 2468 421 2528 Confusam
439 2469 551 2544 placidi
566 2475 662 2530 morte
678 2467 775 2528 luisse
791 2467 889 2527 senis:

214 2551 276 2611 Nec
290 2551 401 2613 modus
416 2554 496 2613 ullus
512 2559 590 2626 erat,
611 2553 770 2612 crescebat
784 2551 915 2625 imagine
930 2551 1038 2624 luctus,

255 2637 361 2697 Donec
376 2652 445 2697 eum
460 2636 571 2712 positis
587 2637 749 2696 occuluere
765 2635 866 2710 togisr

148 2725 200 2780 ὁδε
215 2719 314 2780 Tertia
329 2735 423 2781 causa
437 2720 509 2780 milri
525 2720 624 2796 spatio
640 2720 756 2780 maiore
771 2719 910 2780 canenda
924 2726 985 2778 est:

257 2804 320 2863 Nos
335 2811 436 2865 tamen
451 2805 603 2866 adductos
619 2805 699 2864 intus
715 2819 842 2880 agemus
858 2819 965 2877 equos.

213 2887 309 2947 Tullia
324 2888 482 2964 coniugio,
502 2889 629 2950 sceleris
643 2888 800 2960 mercede,
819 2893 943 2963 peracto

254 2971 309 3031 His
324 2974 415 3033 solita
429 2980 477 3033 est
490 2973 579 3034 dictis
595 2972 774 3033 extimulare
789 2971 902 3031 virum:

212 3053 303 3128 ‘Quid
321 3056 406 3116 iuvat
421 3072 491 3143 esse
507 3073 611 3131 pares,
630 3063 659 3116 te
673 3063 796 3118 nostrae
814 3056 910 3115 caede
925 3055 1051 3130 sororis,

144 3153 198 3208 0²90
253 3139 365 3216 Meque
379 3140 422 3201 tui
438 3141 554 3214 iratris,
571 3141 598 3201 si
616 3141 668 3215 pia
683 3142 744 3202 vita
759 3140 879 3214 placete

212 3223 325 3284 Vivere
341 3224 510 3286 debuerant
524 3231 553 3285 ct
567 3225 614 3285 vir
628 3241 715 3286 meus
731 3231 761 3284 et
776 3231 826 3284 tua
841 3223 984 3299 coniunx,

251 3306 284 3367 Si
300 3309 414 3368 nullum
428 3325 516 3370 ausus
547 3309 645 3369 maius
660 3325 781 3370 eramus
798 3323 888 3383 opus.

210 3391 247 3450 Et
261 3398 353 3466 caput
367 3399 398 3453 et
411 3409 538 3468 regnam
553 3393 632 3454 iacio
648 3394 750 3453 dotale
768 3391 910 3467 parentis.

251 3474 284 3535 Si
299 3475 346 3535 vir
360 3492 411 3552 es,
426 3478 451 3553 i,
468 3476 565 3536 dictos
581 3477 671 3551 exige
687 3476 766 3537 dotis
783 3482 875 3550 opes!
