2492 3926
223 229 284 293 272
465 199 468 209 ’
601 228 854 291 russonum

346 381 466 456 Proque
481 397 539 441 sua
553 393 647 440 causa
662 381 794 457 quisque
809 380 941 443 dIsertua
954 388 1029 441 erat

305 465 388 525 Mille
402 481 458 539 per
471 463 551 524 hanc
564 471 646 524 artes
661 471 770 538 motae,
793 463 958 540 studioque
972 465 1110 540 placendi

349 548 432 624 Quae
446 548 562 610 latuere
576 548 677 623 prius,
695 549 788 608 multa
801 555 921 622 reperta
936 549 1047 609 ierunt.

240 641 290 696 lta
305 631 391 691 Hanc
406 631 569 708 quisquam
583 631 669 692 titulo
684 631 799 691 mensis
814 631 950 705 spoliare
965 633 1093 692 secundi

345 714 487 781 Audeat?
509 731 527 775 a
541 714 630 775 uobis
647 715 687 774 sit
701 714 786 776 furor
799 713 856 773 istc
871 717 990 789 procul.

305 796 1184 874 Quid,quodubiquepotenstempiisquefrequentibuscucta

345 881 428 944 Urbe
440 887 541 941 tamen
555 888 661 940 nostra
675 882 723 941 ius
738 881 797 940 dea
810 881 909 941 maius
927 881 1027 940 habet.

303 963 473 1038 Promona,
488 965 633 1038 Romane,
650 971 702 1024 tue
715 964 821 1023 Venus
836 978 920 1024 arma
936 964 1059 1038 terebat,

238 1060 288 1113 110
343 1049 415 1110 Cum
430 1047 542 1122 gemuit
555 1055 689 1108 teneram
705 1047 834 1121 cuspide
848 1046 934 1108 laesa
949 1063 1081 1108 manum:

305 1133 521 1206 caelestesque
534 1130 611 1192 duas
625 1130 755 1192 Troiano
770 1129 871 1191 iudice
887 1131 968 1191 vicit.
1082 1133 1084 1140 ’

345 1219 386 1276 nt
409 1215 501 1274 nolim
516 1214 613 1276 victas
630 1215 689 1274 hcc
702 1213 878 1274 meminisse
894 1215 985 1274 dens:

303 1298 510 1372 Assaracique
529 1314 622 1359 nurus
637 1297 718 1357 dicta
732 1303 787 1371 est,
810 1302 844 1357 ut
857 1297 975 1358 scilicet
990 1297 1059 1358 oiim

343 1384 473 1458 Magnus
488 1381 589 1442 luteos
604 1380 717 1442 Caesar
729 1379 857 1442 haberet
870 1396 957 1442 avos.

240 1475 290 1528 125
306 1467 368 1526 Nec
382 1466 495 1525 Veneri
511 1472 641 1539 tempus
666 1480 756 1540 quam
772 1480 835 1538 ver,
858 1471 923 1525 erat
937 1465 1036 1540 aptius
1050 1463 1137 1524 aliurn.

343 1551 426 1610 Vere
439 1550 534 1610 nitent
547 1554 654 1622 terrac,
677 1562 751 1608 vere
764 1548 913 1608 remissus
929 1563 1012 1624 ager.

303 1634 390 1695 Nunc
404 1632 518 1693 herbae
530 1638 620 1708 rupta
634 1632 742 1693 tellure
756 1631 913 1692 cacumina
926 1632 1046 1692 tollunt:

342 1717 428 1777 Nunc
448 1715 562 1776 tumido
577 1730 712 1790 gemmas
727 1714 841 1775 cortice
856 1715 974 1790 palmes
989 1714 1057 1789 agit.

303 1800 340 1862 Et
354 1801 489 1861 formosa
503 1799 611 1860 Venus
625 1799 761 1860 icnnoso
776 1805 914 1874 tempore
929 1799 1021 1874 digna
1034 1805 1085 1871 est,
1142 1874 1146 1882 Ι

236 1891 287 1948 130
340 1885 440 1959 thue
454 1883 547 1956 solet,
567 1881 654 1942 Marii
670 1882 844 1943 continuata
859 1897 927 1943 suc.

303 1969 384 2028 Vere
398 1972 501 2027 monet
515 1981 624 2028 curvas
640 1972 775 2027 materna
792 1981 847 2042 per
862 1981 998 2041 aequora
1014 1981 1122 2042 puppes

342 2052 397 2123 ire,
413 2065 469 2110 nec
483 2049 627 2110 hibernus
642 2048 701 2110 iam
716 2048 853 2110 timuisse
868 2050 975 2111 minas.

539 2180 567 2242 1.
591 2181 905 2264 cummanum]

303 2301 370 2362 Rite
387 2301 475 2362 deam
490 2300 593 2361 Latiae
608 2296 706 2361 colitis
721 2307 896 2378 matresque
913 2317 1073 2378 nurusque,

340 2385 378 2446 Et
392 2401 460 2459 vos,
482 2384 551 2461 quis
566 2384 658 2446 vittae
672 2384 826 2459 longaque
840 2386 937 2446 vestis
953 2385 1047 2446 abest.

237 2477 286 2533 135
300 2470 403 2532 Aurea
418 2483 588 2529 marmoreo
602 2468 779 2530 redimicula
793 2470 904 2530 solvite
919 2471 1008 2542 cotio,

342 2553 459 2614 Demite
473 2551 605 2613 divitias.
633 2557 696 2612 tcta
710 2551 843 2611 lavanda
857 2553 915 2613 dea
931 2561 987 2613 est.

300 2637 403 2697 Aurea
417 2635 532 2697 siccato
547 2634 726 2696 redimicula
739 2635 858 2696 reddite
873 2638 969 2698 collo:

341 2720 426 2781 Nunc
443 2719 493 2778 alii
508 2717 617 2792 flores,
638 2733 814 2779 nuncnova
829 2719 932 2781 danda
945 2735 1018 2780 rosa
1032 2724 1083 2778 est.
1199 2735 1200 2742 ¹

299 2805 366 2862 Vos
383 2817 506 2878 quoque
520 2801 579 2862 sub
593 2800 683 2862 viridi
698 2809 797 2878 myrto
815 2801 898 2866 iubet
911 2803 981 2888 ipsa
994 2800 1098 2863 lavanii

233 2893 284 2948 ltu
339 2885 515 2961 causaque,
540 2901 594 2947 cur
606 2884 744 2959 iubeat‚..
764 2886 908 2947 discitct..
925 2895 1006 2947 certa
1020 2882 1123 2946 subest

298 2967 400 3030 Litore
416 2969 551 3031 siccabat
564 2974 703 3030 rorantes
718 2970 802 3030 nuda
816 2971 962 3046 capillos:

340 3052 489 3113 Viderunt
504 3053 615 3134 satyri,
636 3052 723 3114 turbu
738 3060 896 3130 proterva,
913 3055 1011 3116 deam.

300 3134 416 3210 Sensit,
439 3144 468 3198 et
483 3137 627 3215 opposita
640 3136 715 3197 texit
729 3152 786 3197 sua
802 3153 933 3214 corpora
944 3145 1053 3218 myrto.

338 3222 411 3280 Tuta
426 3220 584 3294 subracto,
608 3234 727 3294 vosque
741 3221 857 3281 reierre
869 3222 962 3283 iubet.

235 3312 285 3367 145
299 3303 414 3364 Discite
428 3319 523 3378 nunc,
540 3319 632 3378 quare
646 3303 798 3364 Fortunae
812 3311 880 3366 tura
897 3306 982 3367 Virili

338 3386 423 3446 Detis
439 3402 486 3461 eo,
502 3387 600 3447 calida
615 3387 666 3462 qui
681 3387 769 3448 iocus
785 3400 867 3450 umet
882 3407 971 3465 aqua.

297 3469 418 3545 Accipit
432 3470 481 3529 iiie
498 3470 583 3530 iocus
600 3472 702 3547 posito
718 3471 869 3534 velamine
885 3479 1020 3542 cunctas.
1182 3485 1198 3893 ]
