2372 3928
141 209 201 274 na
526 206 585 266 ux
605 199 755 266 rouro
825 227 826 232 κ
887 276 893 288 ‚

158 417 197 506 7.
218 409 328 504 Verba
343 442 415 503 mihi
430 442 542 502 desunt
556 438 665 500 eadem
684 444 746 498 tom
761 451 857 515 saepe
872 441 1001 514 roganti.

258 529 383 602 Iamque
398 525 497 602 pudet
511 539 606 583 vanas
623 522 684 582 fine
699 536 804 582 carere
818 536 939 598 preces,

217 612 331 673 Taedia
351 609 503 670 consimili
519 607 585 667 fieri
600 607 640 666 de
656 606 790 666 carmine
805 605 904 678 vobis,

262 694 402 770 Quidque
419 697 677 769 petam,.cunctos
692 689 858 751 edidicisse
873 705 953 751 reor.

191 800 206 848 5
220 781 395 854 Nostraque
410 777 484 853 quid
499 781 600 851 portet
614 775 674 834 iam
688 774 786 835 trostis
802 774 948 850 epistola,
966 774 1092 850 quamvis

265 864 374 924 Charta
388 861 428 923 sit
441 878 460 922 a
474 860 583 920 vinclis
598 875 660 920 uon
674 858 826 920 labefacta
841 860 916 920 suis.
1010 875 1013 881 ·

221 949 302 1022 Ergo
318 953 449 1008 mutetur
463 945 568 1019 scripti
580 943 731 1004 sententia
746 943 851 1020 nostri,

261 1032 306 1091 Ne
320 1031 432 1092 totiens
449 1035 570 1101 contra,
588 1043 680 1104 qoam
694 1027 777 1104 rapit
791 1028 905 1102 amnis,
921 1043 998 1088 eam.

224 1115 313 1191 Quod
327 1115 405 1176 bene
421 1115 460 1174 de
474 1113 564 1173 vobis
580 1112 719 1187 speravi,
735 1113 900 1187 ignoscite,
917 1110 1019 1172 amici:

178 1214 209 1266 io
261 1199 346 1260 Toiia
365 1196 515 1274 peccandi
528 1197 589 1256 iam
603 1195 676 1255 mihi
690 1194 762 1256 finis
778 1196 843 1257 erit.

223 1285 286 1344 Nec
301 1283 404 1358 gravis
419 1280 509 1342 uxori
525 1279 618 1341 dicar.
648 1297 729 1356 quae
744 1280 862 1342 scilicet
875 1280 907 1340 in
921 1295 970 1340 me

265 1367 360 1442 Quam
375 1366 488 1443 proba,
504 1371 564 1424 tam
579 1364 685 1426 timida
698 1371 760 1439 est,
777 1365 1004 1441 experiensque
1016 1377 1116 1440 parum.

224 1453 308 1512 Haec
324 1464 465 1527 quoque,
480 1449 577 1520 Naso,
594 1449 687 1510 feres.
716 1449 827 1510 etenim
842 1450 950 1525 peiora
965 1449 1063 1511 tulisti.

265 1536 329 1596 lam
342 1534 396 1596 tibi
411 1533 516 1595 sentiri
531 1532 654 1594 sarcina
667 1533 750 1593 nulia
767 1539 880 1612 potest.

176 1629 208 1680 15
224 1622 338 1682 Ductus
353 1619 392 1680 ab
407 1625 542 1678 armento
558 1623 663 1678 taurus
682 1618 828 1678 detrectat
842 1626 983 1687 aratrum,

267 1703 422 1764 Subtrahit
436 1710 467 1763 et
482 1702 559 1762 duro
576 1703 655 1761 coita
670 1703 793 1761 novella
807 1701 888 1776 iugo.

223 1789 301 1859 Nos,
320 1787 431 1864 quibus
446 1786 588 1846 adsuevit
603 1787 697 1847 iatum
713 1786 874 1846 crudeliter
887 1786 939 1858 uti,

263 1873 313 1932 Ad
328 1874 408 1932 maia
422 1872 481 1931 ianr
496 1871 615 1947 pridem
631 1885 692 1930 non
708 1886 812 1934 sumus
826 1871 889 1930 ulla
902 1870 1006 1930 rudes.

224 1957 371 2017 Venimus
387 1957 415 2016 in
433 1955 555 2015 Geticos
571 1955 659 2015 fines.
688 1955 852 2015 moriamur
866 1955 896 2014 in
910 1953 985 2014 iilis!

174 2043 209 2096 io
264 2040 422 2122 Parcaque
440 2041 480 2100 ad
496 2047 663 2100 extremum
679 2055 741 2115 qua
755 2055 823 2100 mea
838 2038 954 2115 coepit,
970 2044 1027 2097 eat.

225 2125 318 2200 Spem
333 2125 416 2185 iuvat
431 2123 587 2199 ampiecti,
605 2139 683 2198 quae
699 2139 761 2184 non
776 2124 859 2184 iuvet
873 2122 963 2184 inrita
977 2135 1102 2196 sempen
1169 2187 1170 2200 χ

265 2208 302 2268 Et
317 2208 382 2268 fieri
398 2207 504 2282 cupias
522 2208 612 2282 siqua
627 2207 728 2269 futura
741 2214 840 2284 putes.

223 2291 383 2352 Proximus
398 2291 468 2351 huic
482 2291 597 2367 gradus
614 2299 661 2352 est
674 2291 754 2352 bene
769 2292 936 2368 desperare
951 2292 1082 2362 salutem,

267 2374 370 2450 Seque
386 2375 481 2437 semel
500 2391 574 2436 vera
590 2376 671 2437 sciro
687 2376 809 2452 peusse
823 2375 895 2437 fide.

175 2468 208 2521 25
225 2460 368 2521 Curanda
382 2461 448 2521 fieri
465 2461 617 2537 quaedam
637 2461 753 2520 maiora
768 2460 909 2520 videmus

262 2545 413 2619 Vulnera,
430 2560 509 2620 quae
524 2547 631 2606 meiius
651 2560 713 2605 non
728 2545 865 2620 tetigisse
880 2543 944 2604 init.

224 2629 326 2690 Mitius
342 2631 393 2690 itte
408 2631 499 2705 perit,
516 2629 617 2689 subita
632 2629 683 2704 qui
700 2630 844 2704 mergitur
857 2627 950 2701 unda,

266 2713 360 2786 Quam
375 2729 429 2772 sun
447 2713 498 2787 qui
513 2713 636 2772 tumidis
652 2707 777 2774 brachia
793 2714 889 2774 lassat
903 2710 1003 2786 aquis.

226 2797 283 2858 Cur
298 2813 356 2873 ego
372 2796 499 2872 concepi
516 2795 668 2875 Scythicis
684 2813 732 2858 me
749 2813 845 2874 posse
859 2811 964 2856 carere

172 2883 208 2940 30
262 2880 403 2954 Finibus,
419 2888 448 2940 et
462 2886 542 2941 terra
558 2882 756 2958 prosperiore
774 2882 854 2942 troii

226 2966 285 3026 Cur
299 2965 414 3039 aliquid
429 2966 468 3025 de
483 2982 531 3025 me
546 2967 669 3042 speravi
686 2966 785 3027 lenius
801 2970 969 3041 umquam?

265 3049 314 3109 An
330 3048 451 3109 fortuna
468 3050 541 3110 mihi
556 3051 601 3112 sic
616 3068 685 3112 mea
700 3059 773 3112 nota
788 3051 864 3110 initi

223 3135 383 3208 Torqueor
398 3148 436 3193 en
451 3135 585 3210 gravius.
616 3135 808 3212 repetitaque
825 3136 924 3195 forma
939 3135 1074 3194 locorum

263 3217 394 3277 Exilium
413 3224 541 3280 renovat
554 3219 640 3280 triste
654 3234 828 3294 recensque
844 3217 925 3279 iacit

171 3309 205 3363 35
221 3301 276 3363 Est
292 3308 392 3362 tamen
409 3303 526 3378 utilius,
542 3301 674 3364 studium
690 3318 814 3363 cessare
829 3317 976 3378 meorum,

267 3386 379 3462 Quam,
396 3404 474 3463 quas
490 3387 657 3460 admorint,
673 3404 736 3449 non
750 3386 886 3448 valuisse
902 3401 1023 3462 preces.

218 3469 328 3544 Magna
346 3471 471 3546 quidem
486 3487 536 3532 res
554 3477 615 3545 est,
635 3487 726 3547 quam
741 3487 803 3532 non
818 3470 955 3547 audetiS,
972 3468 1074 3530 amicit
