2394 3940
205 215 266 281 148
596 212 654 273 EX
674 211 822 274 PONTO

329 369 491 429 Arcturum
511 365 591 429 subii
606 364 828 439 Pleiadumque
843 363 953 432 minas.

289 451 391 526 Saepe
410 449 511 512 soient
524 447 654 512 hiemem
669 448 824 524 placidam
838 447 953 514 sentire
968 447 1100 514 carinae:

239 534 274 600 ab
329 534 398 594 Non
413 532 536 596 ithacae
552 533 648 609 puppi
665 533 790 593 saevior
803 530 887 594 unda
905 531 970 590 fuit

289 621 384 680 Recta
402 616 485 679 fides
504 617 646 682 comitum
660 622 781 692 poterat
796 615 877 674 maia
891 619 998 679 nostra
1011 614 1127 676 levare:

330 701 432 762 Ditata
444 708 493 764 est
506 701 614 776 spoliis
630 699 749 776 perfida
764 699 856 767 turba,
867 699 954 764 meis.

287 786 391 847 Mitius
407 785 530 848 exilium
546 785 659 850 iaaiuut
673 785 754 844 ioca.
779 784 895 850 tristior
908 784 972 844 ista·

330 871 423 930 Terra
438 869 496 932 sub
511 867 661 934 ambobus
678 883 740 928 non
758 868 837 936 iacet
850 866 914 932 ulla
930 866 1014 943 polis¹

240 961 274 1016 ⁶5
288 955 344 1016 Est
359 953 490 1028 aliquid,
510 953 616 1028 patriis
633 952 767 1018 vicinum
781 951 894 1012 finibus
914 965 1003 1020 esse:

134 1051 138 1056 ·
330 1037 506 1099 Ultimame
522 1036 767 1112 tetius,ultimus
783 1034 983 1106 orbisbabet.

287 1122 425 1182 Praestat
441 1127 472 1180 et
487 1121 628 1184 exulibus
645 1136 755 1196 paoem
768 1126 820 1186 tua
834 1121 956 1194 laurea,
978 1119 1092 1189 Caesar

329 1205 457 1269 Partim
469 1205 596 1268 finitimo
612 1212 691 1267 tarra
705 1203 763 1266 sub
777 1203 867 1266 hoste
880 1205 968 1275 iacet.

190 1321 198 1334 x
286 1290 421 1366 tempus
440 1289 472 1349 ia
487 1306 630 1365 agrorum
645 1289 727 1353 cuttu
741 1303 924 1358 consumere
939 1287 1030 1358 dulce
1049 1293 1111 1350 est:

238 1385 272 1440 70
328 1373 396 1432 Non
411 1374 525 1448 patitur
540 1373 616 1436 verti
629 1372 779 1438 barbaras
796 1370 894 1434 hostis
909 1371 1045 1435 humum.

287 1458 447 1533 Temperie
462 1457 539 1518 caeli
553 1472 729 1532 corpusque
744 1457 927 1533 animusque
941 1457 1083 1524 iuvantur

329 1541 456 1617 Frigore
469 1547 618 1617 perpetuu
637 1539 785 1610 Sarmatis
801 1557 856 1608 era
869 1540 958 1614 riget.

285 1627 342 1687 Est
355 1626 387 1686 in
407 1641 488 1701 aqua
503 1625 584 1686 dulci
598 1641 659 1687 nen
674 1624 830 1686 invidiosa
844 1625 987 1702 valuptas

329 1713 496 1785 Aequoreo
510 1708 624 1770 bibitur
638 1725 706 1769 eum
721 1709 787 1770 sale
802 1708 896 1772 mixta
909 1708 1010 1784 patus.

235 1800 269 1855 ⁷5
283 1792 391 1854 Omnia
405 1793 558 1854 deficiunt.
574 1793 704 1856 Animus
718 1800 819 1860 temen
840 1793 941 1861 omnia
954 1791 1077 1851 vineit·-

327 1877 383 1937 lite
402 1877 493 1939 etiam
506 1878 589 1938 vires
605 1892 720 1953 eorpus
734 1877 848 1938 habere
869 1876 948 1936 iacit.

287 1960 447 2023 Sustineas
468 1968 500 2023 ut
514 1976 611 2038 onus,
631 1961 787 2024 nitendum
802 1961 916 2022 vertice
931 1961 1025 2035 piene
1046 1967 1103 2035 est,

326 2046 388 2104 Aut
403 2044 485 2104 flecti
502 2060 616 2106 nervos
632 2047 659 2106 si
674 2045 805 2121 patiere,
822 2044 920 2108 eadat.

286 2124 367 2202 Spes
383 2143 524 2203 quoque,
541 2144 637 2202 posse
651 2145 738 2194 mora
752 2131 914 2197 mitescere
928 2128 1080 2205 principis
1093 2129 1165 2198 iram,

233 2219 268 2273 80
323 2210 438 2270 Vivere
452 2227 492 2271 ne
506 2212 598 2272 nubm
616 2213 833 2289 deiciamque,
855 2219 952 2280 cavet.

283 2293 346 2354 Nec
360 2310 419 2355 vos
433 2313 530 2372 parva
545 2297 625 2357 datis
641 2298 732 2372 pauui
747 2297 864 2358 solacia
878 2296 977 2372 nabis,

326 2378 460 2454 Quorum
475 2387 614 2458 spectata
630 2389 677 2442 est
693 2397 748 2458 per
763 2382 842 2445 mala
856 2388 962 2450 nostra
976 2381 1069 2442 fides.

284 2462 401 2540 Coepta
414 2471 494 2540 tene,
512 2481 640 2542 quaeso,
657 2481 759 2542 neque
773 2467 803 2526 in
819 2481 954 2541 aequore
970 2465 1082 2536 desere
1095 2480 1167 2526 nave

324 2549 439 2624 Meque
452 2551 542 2610 simul
557 2566 649 2610 serva
664 2549 871 2624 iudiciumque
885 2557 978 2611 tuum.

230 2726 272 2822 8.
331 2766 524 2850 uerrau.

282 2845 443 2944 Redditus
462 2892 510 2946 est
525 2883 615 2946 nobis
634 2886 748 2948 caesar
765 2903 834 2951 aum
852 2887 985 2956 Caesare
999 2905 1106 2966 nuper,

324 2967 407 3041 Quos
423 2969 495 3029 mihi
514 2969 637 3042 misisti,
653 2969 786 3032 Maxime
802 2971 902 3045 (totta,
921 2972 1009 3036 dees.

188 3111 193 3120 ,
281 3049 382 3126 thue
400 3057 484 3113 tuum
499 3070 610 3115 munus
622 3069 796 3130 numerum,
814 3071 904 3131 quem
919 3055 1028 3130 debet,
1044 3056 1177 3128 haberet,

323 3132 379 3194 Est
397 3134 439 3196 ibi
454 3137 638 3198 Caesaribus
653 3137 740 3199 Livia
754 3138 858 3201 iuncta
872 3139 946 3202 suis.

252 3227 269 3278 5
283 3217 451 3293 Argentum
466 3221 541 3280 ielix
560 3223 702 3298 omnique
718 3222 837 3286 beatius
852 3241 937 3297 aure,

323 3300 413 3376 Quod
430 3305 521 3365 tuerit
535 3306 664 3380 pretium
679 3321 746 3368 cum
763 3308 855 3383 rude,
870 3323 983 3370 numen
997 3307 1103 3378 habeb

280 3385 347 3447 Non
362 3386 434 3446 mihi
450 3388 571 3449 divitias
587 3390 689 3451 dando
705 3391 821 3454 maiora
836 3392 990 3465 dedisses,

323 3470 487 3533 Caelitibus
506 3473 609 3535 missis
624 3482 729 3536 nostra
747 3475 804 3537 sub
820 3492 874 3537 ora
889 3476 999 3538 tribus.
