2394 3940
316 231 360 305 ll,
384 225 419 304 7,
441 227 560 308 58-8,
581 230 632 295 lc.

74 387 117 446 llsl
129 383 253 459 aliquid,
272 391 413 460 spectare
428 383 505 445 deos
521 390 552 444 el
565 384 678 444 aclesse
695 395 811 465 putare,

41 482 64 533 ll
105 469 138 528 El
152 469 235 542 quasi
251 481 319 527 cum
334 477 408 528 vero
423 469 546 528 numine
561 483 657 543 passe
670 469 765 546 loqui.

73 559 112 612 An
126 552 239 612 landem
253 550 347 626 redii,
364 565 421 611 nec
436 565 485 611 me
503 557 585 612 leuel
598 552 703 614 ultima
716 555 816 629 taline,
883 612 886 620 ,

106 636 197 709 thue
210 635 310 710 prim,
323 635 427 696 media
439 651 553 712 :sospes
569 636 599 694 in
614 637 834 699 Urbe'mnrora
938 677 939 682 κ

77 718 224 779 caesareos
237 717 331 779 niueo
346 720 465 793 vallus,
480 717 562 780 ve'lul
576 727 646 780 anae
657 721 817 782 videbam:

109 802 162 861 Vix
174 801 260 862 huius
277 802 339 862 veui
350 817 428 879 spes
443 802 497 863 luit
509 803 572 864 ulla
582 803 666 864 mihi.

48 885 159 960 llUlquc
172 885 340 948 salutabam
357 899 470 946 numen
486 889 634 962 caeleste,
650 888 760 949 sulnlo.

111 969 187 1043 Quod
199 969 306 1029 reduci
320 969 452 1042 tribuas,
469 969 746 1046 nil,fpnl0‚1maius
761 971 867 1032 habes.

83 1051 145 1126 quid
157 1053 267 1113 nceuis
285 1054 383 1114 oculis
399 1054 456 1114 nisi
472 1055 539 1114 sola
550 1052 668 1114 ¹Palatia
683 1055 813 1116 desumi

112 1135 158 1210 Qui
170 1138 270 1210 lucus,
283 1136 389 1198 {aalma
406 1134 551 1209 Caesare,
564 1138 638 1198 vilis
654 1139 718 1198 erit.

79 1220 149 1280 llunc
162 1234 216 1295 ego
237 1236 306 1280 curn
317 1228 474 1296 speciem,
491 1220 605 1282 videor
614 1222 691 1282 mihi
707 1235 831 1284 comere
846 1224 983 1284 Romam.

47 1313 71 1364 m
110 1303 173 1362 llam
185 1306 305 1379 patriae
318 1305 430 1365 laniem
444 1304 575 1366 sustinet
588 1305 639 1366 ille
654 1321 739 1366 suae.

80 1386 171 1462 leiim,
185 1387 306 1448 anirali
317 1388 393 1448 'mini
409 1395 480 1449 sunl
493 1389 523 1448 in
538 1388 669 1464 imagine
687 1391 797 1466 vultus,

110 1470 258 1547 Terraque
271 1472 379 1534 nescio
393 1473 470 1548 quid
484 1473 583 1532 lamna
597 1474 738 1534 minantis
754 1474 866 1536 habet?

80 1552 168 1630 Parce,
179 1556 227 1614 uir
237 1556 381 1616 inmense
394 1557 493 1617 maior
508 1556 668 1618 virtutibus
689 1557 772 1632 orbe,

113 1638 242 1716 iustaque
257 1639 409 1700 uindictae
420 1642 581 1716 supprime
598 1641 664 1701 lara
678 1648 758 1702 luae.

47 1719 164 1797 llParce,
177 1737 305 1798 precare,
321 1724 415 1785 saecli
427 1725 530 1784 -clecus
549 1723 712 1784 indelebile
727 1727 833 1800 nostri,

112 1807 256 1867 Terrarum
273 1807 427 1870 deminum
443 1821 535 1884 quem
550 1823 695 1868 succure
710 1808 791 1869 facil

81 1887 123 1946 Per
134 1891 244 1964 patriae
257 1905 385 1966 nomen,
398 1907 481 1968 quae
495 1899 525 1952 lc
538 1891 592 1953 tibi
608 1892 708 1952 carior
722 1893 792 1969 ipso
811 1901 866 1968 esl,

112 1972 159 2032 Per
172 1990 338 2048 numquam
348 1975 465 2036 surdas
480 1975 510 2036 in
525 1983 578 2037 tua
598 1984 669 2037 vala
684 1976 771 2050 deos,

81 2055 175 2130 Perque
191 2057 396 2135 torinneium,
411 2076 491 2136 quae
505 2076 562 2136 par
575 2059 628 2120 tim
649 2060 716 2120 sela
729 2067 850 2136 reperta
862 2068 920 2133 cst,

47 2138 70 2191 ll
111 2139 141 2199 El
152 2142 196 2202 cui
210 2142 357 2202 maieslas
376 2159 437 2203 non
455 2159 589 2204 onerosa
602 2151 655 2204 lua
674 2150 736 2204 θεῖε

80 2221 175 2298 Perque
184 2225 242 2286 libi
258 2226 386 2286 similem
400 2227 518 2288 virtulls
534 2227 665 2302 imagine
680 2235 792 2301 nalum

111 2307 236 2370 lloribus
251 2310 401 2385 adgnosci
417 2312 467 2387 qui
479 2317 553 2373 luus
568 2326 641 2371 csse
655 2317 766 2385 potest,

79 2389 176 2466 Perque
188 2399 276 2466 luce,
292 2395 342 2453 vel
357 2410 415 2454 avo
431 2394 557 2469 dignos,
572 2395 622 2453 vel
638 2400 724 2468 palre
737 2401 878 2470 nepotes,

112 2474 160 2548 Qui
174 2477 298 2539 venium
311 2493 422 2552 magno
436 2493 493 2553 per
503 2485 557 2540 lua
571 2478 657 2538 iussa
669 2478 781 2552 gradu:

48 2559 70 2614 ll
80 2556 150 2618 Parte
161 2560 230 2620 leva
239 2561 368 2621 rninima
380 2569 501 2622 nnslras
513 2569 546 2622 et
563 2561 708 2621 contrahe
723 2575 849 2636 poenas,

109 2643 220 2719 llaque,
235 2647 345 2720 procul
361 2644 505 2724 Scyllrico
523 2646 574 2724 qpi
590 2646 629 2705 sil
643 2645 680 2705 ab
696 2645 801 2719 haste,
816 2646 922 2707 lacum·

77 2723 106 2784 El
116 2733 175 2800 luc,
190 2729 216 2787 si
232 2729 279 2789 les
295 2735 356 2801 est,
373 2745 391 2788 a
410 2729 541 2790 Caesare
557 2730 695 2804 proxime
710 2729 833 2804 Caesar,

21 2805 23 2864 l
108 2809 228 2871 Numina
243 2813 303 2873 sinl
317 2813 460 2888 precibus
474 2831 536 2874 non
551 2813 673 2874 inimica
686 2815 772 2874 meiS.

21 2883 23 2952 Γ
78 2888 117 2951 Sic
129 2894 189 2954 lera
205 2897 428 2972 quamprimum
443 2897 556 2973 pavido
569 2897 730 2957 Germania
750 2898 835 2957 vullu

21 2977 23 3054 l
46 2977 66 3029 ll
107 2977 178 3038 Aule
195 2979 409 3055 triumphantis
425 2997 516 3041 serva
531 2982 645 3041 leralur
658 2995 774 3056 equose

21 3071 23 3120 ι
78 3055 116 3117 Sic
129 3067 212 3135 paler
225 3063 255 3122 in
269 3063 391 3141 Pylios,
408 3065 557 3124 Cumaeos
570 3071 669 3124 mater
682 3064 713 3122 in
728 3079 827 3124 annos

106 3143 228 3222 Vivant,
245 3152 277 3207 cl
289 3147 395 3222 possis
410 3147 491 3209 filius
507 3164 578 3210 esse
595 3148 657 3208 diu-

75 3221 107 3284 lu
119 3243 256 3305 quoque,
273 3233 460 3292 conveniens
475 3231 588 3308 ingene·
602 3238 696 3307 nupia
711 3232 828 3305 marim,

104 3310 215 3389 Accipe
230 3330 293 3375 non
309 3316 387 3376 dura
401 3317 550 3392 supplicis
568 3332 642 3376 aure
656 3331 775 3391 preces.

46 3386 173 3455 alicubi
187 3397 236 3457 uir
251 3415 380 3474 sospeS,
397 3400 443 3460 sic
458 3401 518 3460 sinl
536 3415 603 3460 cum
621 3400 709 3475 prnle
723 3407 860 3474 nepotes,

107 3475 236 3556 Cumque
250 3483 341 3542 bonis
358 3484 485 3544 nuribus
504 3483 587 3558 quod
602 3499 752 3560 peperere
771 3499 877 3542 nurus.
