2372 3928
336 259 394 328 tv,
417 259 450 335 1,
473 259 592 335 ao-s,
613 259 642 321 5.

84 414 196 474 Pectora
210 411 256 472 sic
270 427 339 470 meo
355 417 426 472 sunt
440 411 512 471 limo
526 411 631 472 vitiata
645 414 803 490 malorum,

49 509 74 560 00
116 498 150 558 Εο
161 509 281 556 carmen
296 511 375 556 vena
390 495 574 571 pauperiore
591 496 665 556 tluit.

86 581 112 640 Si
124 581 186 655 quis
200 581 230 639 in
248 579 307 639 liae
321 579 421 655 ipsum
437 586 518 639 terre
532 581 879 654 posuissetHomerum,

116 665 213 736 Esset,
231 663 323 723 crede
337 663 425 738 mihi,
441 663 540 722 lactus
556 671 586 724 et
599 664 649 724 ille
666 664 769 726 Getes.

86 748 122 807 lla
135 747 249 808 veniam
263 747 365 820 lasso,
381 747 493 808 studiis
508 763 631 822 quoque
646 750 732 809 irena
744 749 863 809 remisi:

116 833 233 892 Ducitur
246 837 277 890 et
290 830 393 906 digitis
410 832 508 892 littere
521 845 592 891 rara
605 833 691 893 meis.

50 920 74 972 00
85 915 199 990 inpetus
214 915 265 975 ille
279 930 383 991 sacer,
400 915 452 991 qui
465 920 569 976 valum
585 923 710 991 pectora
724 916 824 992 nuent,

118 999 165 1072 Qui
182 999 265 1073 prius
280 999 311 1058 in
325 999 415 1059 nobis
430 1014 502 1059 esse
516 998 649 1076 solebat,
666 1001 765 1061 abest.
836 1071 839 1080 ¹

84 1082 134 1139 Vix
148 1082 225 1140 venit
239 1081 278 1140 ad
295 1089 414 1156 partes,
428 1083 483 1142 vix
497 1090 638 1157 sumptae
651 1084 739 1145 illusa
756 1082 887 1145 tabellae
925 1093 927 1098 '

115 1165 228 1239 inponit
242 1165 346 1240 pigras
363 1180 462 1240 paene
476 1173 584 1225 coacta
595 1183 714 1229 naanus.
824 1232 826 1236 ,

84 1246 239 1324 Parvaque,
255 1263 295 1308 ne
310 1249 409 1310 dicam
423 1248 577 1309 scribendi
591 1253 673 1312 nulla
686 1253 829 1328 voluptas

51 1339 75 1393 00
115 1331 163 1392 list
174 1331 256 1392 milri.
286 1347 344 1392 nec
357 1332 491 1392 numeris
508 1341 629 1394 nectere
643 1335 738 1396 verba
753 1337 844 1397 iuvat.

86 1413 145 1474 Sive
158 1417 240 1490 quod
255 1415 326 1476 hinc
341 1417 457 1476 fructus
473 1415 551 1477 adeo
567 1433 628 1476 non
645 1419 782 1494 cepimus
797 1420 887 1492 ullos,

116 1498 290 1576 Principium
305 1501 403 1560 nostri
418 1513 468 1560 res
485 1500 524 1559 sit
537 1507 570 1560 ul
583 1499 642 1560 isto
657 1503 742 1560 malie

86 1579 144 1642 Sive
157 1583 240 1658 quod
254 1583 284 1643 in
299 1581 434 1644 tenebris
448 1598 631 1644 numerosos
648 1601 764 1660 ponere
779 1601 915 1660 gressus,

117 1665 258 1742 Quodque
274 1667 360 1742 legas
375 1667 449 1727 nulli
464 1666 600 1728 scribere
615 1683 752 1740 carmen,
770 1669 851 1729 idem
866 1675 921 1728 est.

52 1750 75 1806 00
84 1747 184 1811 Excitat
199 1750 321 1811 auditor
335 1752 484 1824 studium,
501 1751 684 1825 laudataque
699 1754 795 1812 virtus

117 1833 237 1907 Crescit,
253 1842 284 1894 et
297 1835 467 1896 inmensum
481 1835 578 1908 gloria
594 1837 694 1896 calcar
708 1836 809 1896 babet.

85 1915 129 1974 liic
142 1933 205 1978 mea
221 1918 268 1978 cui
282 1919 408 1979 recitem
422 1917 481 1978 nisi
497 1917 587 1978 liavis
600 1920 714 1994 scripta
729 1919 866 1992 Corallis,

119 1999 253 2076 Quasque
270 2001 347 2062 alias
361 2011 467 2078 gentes
482 2004 631 2064 barbarus
646 2003 748 2065 Hister
763 2003 874 2063 habeti
951 2013 960 2048 -'

87 2079 135 2142 Sed
149 2086 219 2159 quid
234 2087 321 2146 solus
336 2103 440 2162 agam,
463 2103 586 2163 quaque
601 2089 735 2150 infelicia
748 2088 876 2164 perdam

53 2175 75 2227 ll
119 2165 176 2229 Otia
189 2171 317 2230 materie
331 2171 552 2247 surripiamque
568 2173 670 2230 diem?

85 2247 145 2309 Nam
159 2255 230 2328 quia
244 2269 302 2314 nec
316 2254 436 2326 vinum,
453 2271 510 2315 nec
524 2271 573 2315 me
588 2262 669 2315 tenet
684 2257 751 2316 alea
766 2255 868 2330 fallax,

116 2332 166 2394 Per
179 2353 258 2412 quae
273 2339 351 2397 clam
365 2339 487 2399 tacitum
501 2347 622 2414 tempus
637 2340 721 2401 abire
736 2341 823 2412 solet,
907 2347 908 2354 ’

85 2414 134 2476 Νο0
146 2435 222 2479 me...
238 2421 323 2497 quod
339 2437 497 2498 cuperem,
512 2423 539 2483 si
555 2439 611 2498 per
624 2424 690 2484 iera
703 2423 784 2482 bella
797 2422 932 2482 liceret...

118 2499 246 2564 Oblectet
260 2507 343 2565 cultu
356 2512 437 2567 terra
450 2515 562 2566 novata
577 2523 644 2576 suo,

53 2587 74 2640 li
85 2581 161 2658 Ouid,
175 2588 234 2648 nisi
248 2588 402 2664 Pierides,
417 2590 533 2650 solacia
547 2591 670 2665 irIgida,
685 2595 808 2662 restant,

114 2667 172 2728 Non
187 2671 266 2731 bene
280 2673 320 2732 de
335 2671 424 2733 nobis
441 2691 520 2748 quae
533 2689 671 2734 meruere
687 2674 784 2734 deaei

83 2749 115 2807 lt
125 2757 168 2828 tu,
183 2755 230 2815 cui
244 2755 357 2817 bibitur
371 2757 489 2818 felicius
503 2759 622 2818 Aonius
638 2759 717 2830 lons,

28 2835 31 2842 '
114 2835 224 2898 Utiliter
238 2840 373 2900 studium
388 2843 472 2916 quod
486 2841 540 2901 tibi
555 2842 649 2917 cedit,
665 2857 742 2916 ama,

85 2911 223 2996 Sacraque
236 2923 393 2984 Musarum
408 2925 513 2987 merito
530 2925 606 2984 cole.
636 2925 783 2998 qnodque
796 2924 942 2999 legamus

16 3045 17 3048 ,
53 3002 74 3052 00
115 3001 176 3063 Huc
191 3007 316 3082 aliquod
331 3022 423 3067 curae
437 3009 520 3069 mitte
535 3009 667 3069 recentis
683 3024 772 3082 opus.

44 3120 68 3212 3·
83 3127 267 3246 conquerar,
284 3188 323 3232 an
338 3179 477 3234 taceam?
504 3190 616 3251 ponam
631 3176 698 3236 elne
713 3177 835 3238 nomine
851 3176 977 3251 crimen,

114 3252 158 3312 An
174 3263 292 3330 notum,
309 3257 361 3331 qui
376 3259 435 3332 sis,
451 3259 592 3319 omnibus
606 3275 678 3320 csse
693 3261 804 3321 velimt
863 3279 866 3286 ’

16 3179 18 3244 l

17 3267 18 3302 l

17 3312 21 3427 j
82 3329 195 3396 Nomine
209 3356 271 3399 non
286 3349 368 3410 utor,
384 3357 423 3403 ne
438 3344 652 3404 commendere
667 3347 811 3421 querella,
908 3389 909 3396 ,

113 3419 336 3498 Quaeraturque
350 3424 403 3486 tibi
418 3427 551 3487 carmine
566 3430 647 3486 lama
661 3444 739 3488 mco.

52 3506 79 3636 o⁵v
81 3498 228 3645 1llunlissmea
242 3509 358 3584 puppis
373 3520 439 3572 erat
453 3511 555 3572 valide
569 3512 694 3572 lundata
709 3525 820 3654 carga,

91 3600 113 3640 ll.
172 3631 180 3644 .
