2394 3940
179 225 243 294 len
579 224 637 286 EX
662 223 810 287 PONTO

183 435 185 440 ,
264 381 353 442 Hunc
369 394 494 456 quoque
509 377 694 439 carminibus
715 378 847 438 relernrn
862 377 996 442 fortasse
1011 379 1179 458 triumphurn

307 463 446 526 Sufficiet
462 463 576 524 nosuis
593 463 620 522 si
635 461 728 524 modo
743 461 807 522 vila
819 462 918 537 malis,

220 557 257 613 65
268 549 409 609 imbuero
425 546 588 624 Scythicas
606 546 633 608 si
648 559 710 606 non
725 547 811 622 prius
828 547 898 624 ipse
914 548 1056 626 sagittas,

308 632 540 707 Abstuleritque
555 630 643 690 ferox
657 629 717 691 hnc
732 637 825 706 caput
838 647 914 693 ense
929 631 1034 694 Getes.

262 719 347 793 Quae
362 716 452 777 sime
467 717 555 777 salvo
572 713 693 774 dabitur
707 720 758 774 lua
773 716 879 777 laurea
894 717 1025 792 templis,

308 800 415 860 Omina
429 799 478 862 bis
494 798 581 859 dices
598 813 672 858 vera
686 796 784 859 luisse
798 814 876 861 mea.

589 943 793 950 m.—--.-

210 987 253 1080 2.
312 1017 627 1081 nnssnnnrnn.
1187 1041 1188 1132 ι

267 1106 323 1198 {lle
338 1138 448 1198 domus
463 1142 587 1197 vestrae
601 1134 708 1212 primis
722 1142 884 1196 venerator
898 1135 937 1196 ab
954 1139 1057 1214 εηηιε,

308 1221 419 1282 Pulsus
434 1221 475 1280 ad
488 1217 600 1280 Euxini
615 1219 697 1280 Naso
714 1219 838 1280 sinislra
851 1219 927 1291 freli,

266 1304 355 1364 Miiiil
369 1303 407 1362 ab
425 1304 581 1365 indomitis
596 1304 684 1378 hanc,
704 1303 891 1378 Messalline,
913 1304 1055 1380 salutem,

310 1388 405 1462 Quam
421 1387 531 1448 sollius
550 1403 698 1463 praesens
715 1386 830 1448 esttibi
847 1389 934 1464 lerre,
958 1388 1057 1452 (ielis.

238 1471 302 1536 5Ei
318 1471 405 1532 inihi!
430 1471 505 1547 quid
519 1471 599 1532 lecto
617 1475 718 1534 vultus
734 1471 788 1531 libi
802 1472 925 1532 nomine
941 1489 1002 1532 non
1018 1479 1069 1536 esi

310 1555 366 1630 Qui
380 1555 443 1629 luit,
464 1562 495 1616 ει
509 1556 631 1617 dubitas
648 1562 749 1616 cetera
763 1556 944 1630 perlegere?

267 1639 404 1716 Perlege,
427 1655 484 1700 nec
498 1655 617 1700 mecum
633 1640 746 1716 pariter
760 1655 830 1700 mea
844 1639 940 1700 verba
954 1641 1077 1716 relegare
1188 1663 1189 1688 ι

307 1723 391 1786 Urbe
406 1724 477 1788 licet
489 1731 594 1785 vestra
607 1723 751 1785 versibus
767 1738 840 1784 esse
855 1723 942 1784 meis.

266 1808 334 1870 Non
350 1824 408 1885 ego
425 1811 562 1885 concepi,
584 1809 610 1868 si
624 1807 729 1869 Pelion
745 1805 825 1868 Ossa
839 1807 970 1885 tulisset,
1053 1832 1055 1835 ·

224 1902 260 1955 10
313 1893 400 1954 Clara
414 1909 484 1954 rnen
497 1892 578 1968 tangi
595 1892 698 1954 sidera
714 1906 810 1968 posse
824 1907 926 1952 manu.

267 1977 330 2038 Nec
345 1989 404 2039 nos
419 1976 565 2038 Enceladi
582 1977 735 2037 dementia
750 1982 852 2038 casira
867 1977 965 2038 seculi

309 2063 343 2122 ln
358 2077 460 2121 rerum
475 2061 617 2122 dominos
632 2061 785 2122 movimus
801 2076 886 2122 arma
900 2061 989 2124 deos.

268 2146 341 2219 Nec,
364 2145 449 2220 quod
462 2145 602 2221 Tydidae
616 2145 776 2205 temeraria
791 2145 918 2204 dextera
933 2146 1015 2218 lecit,

311 2229 442 2289 Numina
456 2234 529 2289 sunl
541 2227 610 2288 telis
625 2230 689 2290 ulla
703 2230 797 2304 petita
811 2229 900 2290 meis.

225 2320 258 2372 15
269 2313 325 2373 list
340 2328 410 2372 mea
425 2311 515 2388 culpa
529 2313 643 2388 gravis,
666 2313 723 2373 sed
739 2329 819 2388 quae
833 2329 881 2372 rue
896 2313 1030 2388 perdere
1046 2314 1146 2376 solnm

308 2399 398 2458 Ausa
412 2397 460 2473 sit,
480 2404 511 2458 ει
524 2399 640 2458 nullum
654 2397 754 2459 maius
770 2397 880 2458 adoria
894 2399 992 2458 nelas.

267 2481 314 2542 Nil
329 2482 388 2542 nisi
404 2495 466 2542 non
482 2482 608 2558 sapiens
626 2497 753 2558 possum
769 2480 957 2557 timidusque
972 2483 1097 2544 vocari:

307 2567 392 2628 Haec
408 2566 469 2627 duo
487 2574 558 2628 sunl
572 2566 664 2626 animi
679 2567 803 2626 nomina
815 2581 891 2626 vera
905 2565 974 2625 rnei.

266 2649 347 2712 Esse
362 2650 487 2726 quidem
503 2651 600 2711 luleor
613 2649 748 2710 meritam
763 2657 835 2726 posi
850 2650 991 2711 Caesaris
1007 2651 1086 2712 iram

214 2741 253 2795 ιο
309 2734 472 2794 Difficilem
486 2733 631 2807 precibus
646 2741 676 2794 ie
691 2749 816 2810 quoque
830 2734 897 2794 iure
912 2735 1000 2795 meis.

267 2817 415 2892 Quaeque
430 2822 482 2877 lua
496 2823 545 2878 εει
558 2817 657 2892 pietas
673 2818 704 2877 in
720 2825 816 2880 toturn
831 2833 941 2878 nomen
956 2819 1024 2890 Iuli,

308 2902 351 2960 Te
364 2900 454 2975 laedi,
478 2916 547 2962 cum
563 2902 633 2976 quis
650 2901 780 2963 laeditur
794 2901 873 2975 inde,
895 2911 997 2976 putas.

268 2983 331 3044 Sed
346 2985 417 3046 licet
431 3001 516 3046 arma
530 2987 612 3047 leras
628 2993 657 3046 ει
670 2988 798 3047 vulnera
812 3001 908 3047 sueva
922 2985 1061 3060 mineris,

307 3069 375 3131 Non
389 3076 490 3131 lamen
507 3070 636 3146 efficies,
659 3075 692 3132 ui
706 3071 830 3130 timeare
845 3069 927 3130 inihi.

215 3161 250 3213 ἰε
265 3150 381 3228 Puppis
396 3153 646 3216 Achaemeniden
664 3154 784 3214 Graium
799 3154 930 3215 Troiane
944 3154 1081 3232 recepili

308 3236 425 3299 Proluit
439 3247 468 3298 et
481 3239 573 3316 Myso
589 3238 688 3300 Pelias
703 3238 793 3299 hasla
807 3237 887 3298 duci.

267 3320 409 3396 confugit
423 3321 572 3385 interdurn
588 3322 692 3398 lenrpli
705 3322 837 3383 vicinior
850 3321 891 3383 ad
906 3338 1000 3396 arum,

305 3405 368 3468 Nec
383 3412 487 3482 peiere
503 3405 613 3468 offensi
629 3405 762 3468 numinis
777 3405 880 3469 horret
895 3420 997 3482 opem.

265 3487 383 3551 Dixerit
396 3491 456 3552 hoc
471 3491 582 3565 aliquis
598 3499 691 3552 tulum
707 3505 865 3551 nonense.
900 3491 1042 3552 latemur.
