2394 3940
184 237 246 302 156
575 232 635 294 EX
660 229 808 292 ΡΟΝΤΟ

261 389 370 451 Tristia
384 403 440 464 per
454 399 570 446 vacuos
584 385 710 444 horrent
724 383 878 444 absinthia
888 398 1033 460 campos:

302 471 557 546 Conveniensque
572 483 629 529 suo
645 467 756 528 messis
772 483 878 528 amara
894 468 975 528 loco.

222 568 257 621 aa
267 558 359 618 Adde
373 563 481 627 metus,
505 560 534 612 et
549 552 632 628 quod
646 567 752 611 murus
766 552 908 628 pulsatur
921 551 960 610 ab
976 551 1072 625 hoste,

303 641 471 714 Tinctaque
485 638 640 697 mortifera
654 635 723 694 taho
736 637 848 710 sagitta
862 635 974 708 madet,

265 725 353 800 Quod
369 721 477 800 procul
491 721 568 780 haee
582 719 668 794 regio
683 727 774 779 estet
789 720 827 780 ab
841 720 924 779 omni
940 719 1032 780 devia
1044 733 1147 796 cursu,

304 810 367 868 Nee
382 807 463 882 pede
478 821 540 881 quo
555 804 728 881 quisquam,
744 811 881 862 nectale
894 810 977 864 tutus
993 811 1051 863 eat.

263 893 331 954 Non
345 892 435 966 igitur
449 891 566 962 mirum,
589 888 680 947 linem
697 886 913 961 quaerentibus
926 887 1037 947 horum

213 989 249 1044 sn
303 977 408 1036 Altera
421 976 449 1034 si
462 973 555 1033 nobis
567 985 669 1045 *usque
682 978 807 1045 rogatur
819 971 940 1032 humus.

263 1061 306 1121 Te
320 1058 417 1133 magis
432 1065 480 1118 est
493 1057 599 1116 mirum
614 1069 676 1114 non
690 1054 750 1114 hoo
765 1055 917 1130 evincere,
938 1057 1080 1129 coniunx,

304 1141 400 1216 Inque
415 1141 491 1202 meis
507 1139 648 1200 lacrimas
665 1153 760 1214 posse
775 1145 878 1199 tenere
893 1139 992 1199 malis

265 1225 344 1300 Quid
359 1225 464 1296 lacius,
488 1223 633 1298 quaeris?
656 1237 786 1316 quaeras
801 1221 861 1282 hoc
876 1223 1015 1284 scilicet
1006 1239 1117 1298 ipsum

305 1309 457 1378 Invenies,
479 1322 553 1367 vere
568 1306 594 1365 si
608 1305 742 1380 reperire
757 1307 866 1365 voles.

214 1399 249 1453 35
264 1391 351 1452 Velle
366 1406 473 1465 parum
490 1397 546 1450 est
580 1390 697 1464 cupias,
718 1395 751 1449 ut
766 1404 798 1448 re
815 1389 952 1464 potiaris,
977 1396 1106 1465 oportet,

304 1475 342 1533 Et
356 1473 448 1533 iaciat
462 1489 589 1534 somnos
604 1473 681 1532 haec
695 1471 749 1531 tibi
765 1488 838 1532 cura
851 1472 973 1532 breves.

264 1559 353 1618 Velle
367 1573 437 1617 reor
451 1558 573 1618 multos.
605 1557 678 1630 Quis
695 1556 775 1615 enirn
790 1555 861 1615 mihi
877 1562 937 1616 tum
953 1555 993 1616 sit
1007 1555 1142 1632 iniquus,

311 1640 402 1716 optet
415 1647 448 1701 ut
462 1641 585 1701 exilium
600 1655 678 1714 pace
694 1654 799 1698 carere
813 1645 934 1700 meum?

265 1724 393 1786 Pectore
406 1732 437 1783 te
451 1731 514 1784 toto
531 1723 710 1798 cunctisque
725 1722 901 1782 incumbere
914 1723 1021 1784 nervis

212 1817 249 1873 lo
304 1809 342 1869 Et
354 1809 407 1868 niti
423 1824 479 1884 pro
495 1822 545 1867 me
559 1813 650 1866 noete
665 1807 776 1882 dieque
786 1807 888 1866 decet

265 1893 366 1968 thue
381 1893 485 1952 iuvent
498 1891 558 1966 alii,
576 1897 611 1950 ιιι
626 1889 721 1950 debes
736 1889 860 1950 vincere
874 1890 1000 1966 amicos,

306 1978 400 2050 Uxor,
424 1977 508 2036 etad
523 1974 618 2050 partis
630 1973 732 2049 primu
746 1972 852 2034 venire
865 1981 946 2036 tuas.

265 2060 376 2136 Magna
390 2061 442 2121 tibi
456 2059 601 2135 imposita
615 2064 662 2117 est
678 2057 790 2118 hostris
806 2073 942 2133 persona
956 2057 1085 2118 libellis:
1191 2119 1192 2140 χ

309 2143 451 2218 Coniugis
467 2144 639 2217 exemplum
655 2142 766 2202 diceris
781 2157 853 2201 esse
865 2143 977 2203 honae.

216 2239 251 2294 45
266 2227 405 2288 Hancne
420 2226 589 2301 degeneres
605 2232 635 2284 et
649 2226 709 2285 sint
724 2225 889 2300 praeconia
902 2233 1011 2287 nostre

308 2313 399 2385 Vera,
421 2311 501 2387 vide,
519 2311 623 2370 lamae
638 2323 699 2384 quo
715 2310 827 2369 tuearis
840 2325 931 2386 opus.

265 2398 305 2457 Ut
318 2395 391 2456 nihil
406 2394 474 2471 ipsc
490 2409 608 2470 querar,
627 2393 722 2454 tacito
738 2409 786 2452 me
797 2395 882 2454 lame
895 2402 1053 2470 queretur,

308 2479 391 2554 Quae
406 2478 511 2553 debet,
530 2477 620 2538 luerit
633 2477 664 2537 ni
679 2477 731 2536 tibi
748 2492 821 2536 cura
832 2478 903 2537 mei.

265 2562 417 2638 Exposuit
431 2579 500 2622 mea
515 2577 563 2621 me
578 2561 693 2636 populo
710 2561 832 2620 fortuna
845 2561 1022 2636 videndunn,

223 2654 258 2708 50
306 2647 344 2705 Ει
358 2648 428 2720 plus
443 2645 575 2714 notitiae,
600 2661 691 2718 quam
706 2644 852 2719 scitante,
875 2645 969 2706 dedit.

153 2747 155 2752 ·
263 2729 370 2789 Notior
382 2735 432 2787 est
447 2730 543 2787 lactus
560 2725 720 2801 Capaneus
731 2745 754 2787 a
769 2728 902 2789 fulminis
915 2730 995 2791 ictu:

305 2812 402 2870 Notus
416 2811 509 2872 humo
525 2811 635 2870 mersis
650 2811 856 2886 Amphiaraus
871 2813 971 2888 equis.

265 2894 298 2956 Si
312 2894 412 2954 minus
429 2902 570 2970 errasset,
593 2899 683 2956 notus
697 2895 799 2956 minus
813 2904 898 2958 essct
911 2897 1036 2960 Ulixes:

304 2978 416 3054 Magna
430 2979 613 3040 Philoctetae
630 2981 754 3039 vulnere
769 2981 850 3040 lama
865 2997 922 3043 suo
933 2989 996 3043 cst.

221 3069 256 3123 55
268 3061 301 3123 Si
316 3064 402 3124 locus
419 3071 467 3125 est
480 3065 590 3141 aliquis
605 3070 689 3124 tanta
703 3062 781 3124 inter
794 3065 919 3125 nomina
932 3065 1050 3142 parvis,

304 3148 368 3208 Nos
385 3165 508 3226 quoque
524 3149 711 3224 conspicuos
727 3155 834 3210 nostra
847 3151 935 3210 ruina
950 3150 1032 3210 lacit.

262 3231 325 3292 Nec
339 3239 370 3292 te
384 3235 496 3296 nesciri
511 3235 621 3309 patitur
635 3249 703 3294 mea
717 3233 839 3308 pagina.
874 3251 935 3309 qua
949 3251 1013 3295 non

303 3317 433 3378 Inferius
450 3317 511 3380 Con
525 3317 636 3377 Bittide
651 3332 763 3378 nomen
777 3317 885 3378 hahes.

260 3399 413 3475 Quidquid
426 3417 500 3477 ages
515 3401 613 3476 igitur,
637 3417 732 3462 scena
746 3401 928 3478 spectabere
942 3417 1069 3478 magne,

219 3490 256 3545 60
307 3486 345 3546 Et
359 3484 411 3561 pia
425 3501 486 3546 non
506 3485 610 3561 parvis
625 3485 754 3546 testibus
771 3502 850 3546 uxor
863 3486 936 3546 eris.
