2394 3940
161 215 224 282 140
554 209 613 270 EX
634 205 783 270 PONTO

195 379 228 431 15
241 368 304 428 Nec
319 365 378 426 uisi
394 363 478 441 quod
493 361 636 438 prodest,
652 375 759 422 carum
773 369 834 434 est,
851 370 896 438 et,
913 365 1042 427 detrahe
1058 365 1136 426 menti

287 449 382 527 Spem
396 449 513 509 lructus
526 445 651 520 avidae,
670 461 761 507 nemo
775 447 930 522 petendus
945 451 1013 512 erit.
1183 442 1184 462 ³

245 537 287 596 ht
299 535 415 595 reditus
429 534 490 594 iam
506 530 639 606 quisque
654 543 729 590 suos
745 538 841 605 amat,
859 540 890 592 et
908 533 966 593 sibi
982 535 1060 609 quid
1074 536 1109 596 sit

286 620 381 692 Utile,
398 615 536 678 sollicitis
552 621 699 690 supputat
713 615 859 676 articulis

245 703 325 764 lllud
341 701 491 762 amicitiae
509 698 665 774 quondam
678 699 857 760 venerabile
873 717 986 762 numen

195 805 231 858 ao
286 788 407 849 Prostat
421 791 451 846 et
468 784 499 844 in
514 790 644 860 quaestu
659 798 715 858 pro
733 784 893 845 meretrice
910 786 1009 847 sedet.

248 873 313 948 Quo
331 870 429 946 magis
444 867 594 942 admiror,
610 882 685 940 non,
701 874 734 928 ut
746 869 933 930 torrentibus
948 871 1054 944 undis,

289 954 464 1017 Communis
481 951 545 1012 vitii
561 958 590 1011 te
606 966 731 1026 quoque
747 951 817 1012 lohe
830 953 920 1014 trahi.
1053 963 1059 968 ·

247 1040 387 1116 Diligitur
402 1053 507 1112 nemo,
523 1035 583 1096 nisi
598 1035 647 1096 cul
662 1036 784 1098 fortuna
798 1038 938 1098 secunda
953 1047 1019 1102 est=

290 1125 375 1200 Quae
390 1123 479 1183 simul
494 1120 637 1194 intonuit,
655 1121 796 1196 proxima
811 1137 955 1198 quaeque
970 1123 1067 1198 lugat.

197 1219 231 1274 25
244 1209 290 1269 En
306 1225 381 1284 ego,
402 1224 464 1268 non
478 1205 586 1281 paucis
602 1204 757 1279 quondam
771 1207 905 1269 munitus
926 1208 1048 1282 amicis

289 1295 367 1354 Dum
382 1290 468 1351 flavit
481 1290 560 1350 velis
576 1304 651 1348 aura
665 1290 805 1350 secunda
818 1291 908 1366 meis,

248 1377 288 1438 Ut
302 1377 368 1437 lero
384 1375 525 1436 nimboso
540 1381 714 1434 tumuerunt
728 1390 868 1450 aequora
883 1383 986 1451 vento,

290 1461 325 1521 ln
339 1459 450 1520 mediis
464 1460 567 1522 lacera
582 1473 662 1518 nave
677 1459 837 1535 relinquor
850 1461 952 1535 aquis.

250 1545 386 1620 Cumque
400 1545 451 1604 alii
466 1542 563 1602 nolint
577 1541 667 1603 ctiam
682 1559 731 1603 me
745 1559 841 1605 nosse
855 1545 964 1621 videri,

198 1647 234 1702 30
293 1630 353 1690 Vix
368 1629 430 1688 duo
446 1626 583 1704 proiecto
599 1633 703 1688 tresve
718 1628 830 1690 tulistis
845 1644 949 1706 opem.

251 1715 384 1790 Quorum
407 1718 441 1772 tu
463 1711 618 1788 princeps.
659 1729 760 1788 neque
784 1713 864 1774 enim
887 1730 994 1776 comes
1020 1729 1103 1788 esse,
1123 1710 1166 1772 sed

828 1805 943 1874 auctor,

290 1885 353 1945 Nec
368 1890 473 1962 petere
488 1882 678 1957 exemplum,
694 1882 749 1942 sed
766 1882 840 1942 dare
857 1883 969 1959 dignus
985 1899 1070 1946 eras.

250 1971 308 2042 Te,
326 1969 400 2028 nihil
415 1983 455 2028 ox
470 1975 555 2040 acto,
573 1966 633 2026 nisi
648 1982 708 2028 non
726 1981 877 2043 peccasse
894 1974 1062 2044 petentem,

292 2053 409 2128 Sponte
427 2067 484 2112 sua
499 2050 638 2126 probitas
656 2051 853 2127 officiumque
866 2052 962 2114 iuvat.

202 2138 236 2193 ³5
250 2137 355 2197 Iudice
372 2143 400 2195 te
416 2135 557 2195 mercede
573 2141 656 2194 earet
673 2151 728 2210 per
744 2151 842 2211 seque
857 2137 992 2211 petenda
1013 2143 1064 2199 est

292 2219 436 2280 Externls
452 2219 550 2280 virtus
565 2219 741 2280 incomitata
753 2219 855 2281 bonis.

251 2307 353 2382 Turpe
368 2311 460 2380 putas
476 2303 571 2379 abici,
593 2304 665 2380 quia
680 2304 719 2364 sit
733 2304 944 2379 miserandus,
961 2305 1103 2382 amicum,

293 2389 443 2465 Quodque
460 2388 500 2450 sit
514 2389 633 2462 inlelix,
651 2389 793 2449 desinere
809 2396 882 2450 esse
898 2397 992 2454 tuum.

251 2474 354 2536 Mitius
371 2482 418 2535 est
434 2475 518 2536 lasso
534 2474 660 2549 digitum
676 2488 852 2550 supponere
867 2482 981 2548 mento,

202 2556 238 2612 40
293 2561 432 2636 Mergere
449 2576 540 2634 quam
553 2558 678 2634 liquidis
695 2574 749 2618 ora
763 2558 894 2619 natantis
911 2560 1016 2634 aquis.

252 2643 363 2719 Corne,
382 2644 455 2719 qtrid
470 2644 623 2703 Aeacides
643 2649 857 2718 postmortem
873 2651 1015 2719 praestet
1030 2643 1140 2706 aminea

293 2729 394 2788 Instar
408 2734 439 2787 et
454 2726 534 2786 hanc
549 2726 642 2786 vitam
656 2728 761 2788 mortis
776 2726 891 2788 habere
905 2735 990 2804 puta.
1045 2731 1050 2736 '

250 2810 417 2871 Pirithoum
433 2809 570 2872 Theseus
588 2811 713 2890 stygias
729 2811 883 2873 comitavit
898 2812 938 2873 ad
954 2813 1078 2876 undose

290 2897 318 2956 A
335 2895 444 2975 Stygia
455 2902 611 2971 quantum
621 2912 690 2957 sors
705 2912 773 2958 mea
788 2895 880 2958 distat
894 2904 997 2972 aqua?

199 2990 234 3044 45
248 2981 356 3041 hdtuit
371 2981 480 3042 insano
495 2981 615 3042 iuvenis
630 2980 771 3042 Phoceus
789 2980 932 3042 Orestae:
1052 3037 1055 3044 ,

292 3064 330 3125 Et
345 3081 414 3126 mea
428 3081 490 3127 non
503 3066 662 3127 minimum
677 3067 768 3140 culpa
784 3065 897 3128 luroris
912 3065 1016 3128 habet.

250 3150 294 3209 Tu
310 3165 436 3226 quoque
449 3165 628 3226 magnorum
644 3150 753 3210 laudes
768 3149 894 3211 admitte
911 3151 1057 3224 virorum,

292 3234 394 3309 thue
410 3234 502 3308 lacis,
520 3235 609 3311 lapso
627 3249 719 3309 quam
736 3242 844 3310 polee,
861 3233 938 3295 aller
956 3251 1059 3312 opem.

254 3316 286 3379 Si
301 3318 381 3379 bene
397 3327 427 3380 te
442 3318 529 3394 novi,
546 3318 573 3380 si
589 3319 673 3394 quod
693 3319 778 3394 prius
796 3335 868 3380 esse
883 3319 1020 3395 solebas,

205 3409 240 3464 5ο
293 3403 380 3465 Nunc
399 3419 523 3479 quoque
540 3418 590 3477 es,
609 3412 701 3478 atque
717 3403 810 3464 animi
824 3419 886 3464 non
906 3404 1049 3466 cecidere
1064 3405 1120 3482 tui,

254 3485 320 3562 Quo
336 3489 460 3550 fortuna
475 3488 574 3562 magis
591 3488 703 3561 saevit,
722 3487 820 3562 magis
836 3489 905 3564 ipse
919 3489 1051 3564 resistis
