2372 3928
375 255 417 327 tt,
440 254 616 318 ola-otto.
940 261 1003 326 230

28 414 67 468 en
79 403 236 480 Spargitur
251 409 281 463 et
296 409 388 464 caeso
403 406 572 466 eommunis
587 407 745 470 Terminus
760 426 850 486 agno,

112 487 174 548 Nee
189 487 340 562 queritur,
355 488 471 548 laetans
486 504 553 549 oum
569 489 627 550 sibi
642 507 737 566 porea
752 493 849 554 datur.

78 570 277 646 Conveniunt,
294 571 509 647 celebrantque
525 572 623 650 dapes
638 575 749 636 vicinia
764 577 902 654 simplex,

111 655 148 714 Et
163 661 285 714 cantant
300 654 421 728 laudes,
436 657 575 716 Termine
590 665 711 733 sancte,
727 665 808 720 tuas=

79 740 127 798 ‘Tu
144 739 278 814 populos
293 737 448 814 urbesque
462 746 493 799 et
505 755 600 815 regna
615 741 748 816 ingentia
761 744 847 804 finise

28 826 68 881 oo
114 819 218 881 Omnis
233 823 289 882 erit
303 823 370 882 sine
387 829 416 882 te
430 822 580 898 litigiosus
597 840 679 900 ager.

77 905 159 966 Nulla
171 903 226 964 tibi
240 904 363 967 ambitio
380 913 440 979 est,
457 907 539 967 nullo
558 907 762 984 corrumperis
779 926 863 971 auro.

110 988 256 1064 Legitima
271 1003 380 1051 servas
395 990 511 1051 eredita
527 1007 598 1050 rura
612 991 683 1052 lide.

78 1073 106 1134 si
119 1079 149 1132 tu
164 1072 324 1148 signasses
341 1073 411 1134 olim
426 1074 611 1154 Thyreatida
625 1082 744 1150 terram,

114 1157 249 1232 Corpora
264 1172 325 1217 non
339 1157 399 1218 loto
415 1158 510 1218 missa
524 1165 658 1219 trecenta
673 1161 779 1233 lorent,

29 1252 66 1308 tot
78 1240 133 1300 lieo
147 1241 225 1302 soret
241 1239 413 1320 Othryades
428 1241 583 1318 congestis
601 1245 697 1304 lectus
712 1243 741 1302 in
758 1244 858 1304 annis.

112 1323 134 1384 0
150 1331 295 1400 quantum
310 1325 427 1402 patriae
441 1325 599 1402 sanguinis
613 1327 664 1386 ille
678 1327 776 1387 dedit!

79 1407 164 1484 Quid,
178 1424 262 1469 nova
278 1425 346 1470 eum
359 1409 467 1470 flerent
482 1410 651 1486 Capitolini
679 1427 789 1486 nempe
806 1412 933 1474 deorum

114 1493 223 1554 cuneta
240 1494 305 1554 iovi
320 1493 414 1554 cessit
427 1493 531 1568 turba,
552 1495 714 1570 locumque
730 1493 823 1556 dedit.

78 1574 241 1652 Terminus,
257 1583 291 1638 ut
308 1584 429 1639 veteres
446 1584 629 1654 memorant,
644 1577 784 1640 inventus
801 1579 832 1639 in
849 1579 927 1639 aede

31 1663 70 1720 tto
113 1660 230 1721 Restitit
244 1667 274 1721 et
289 1676 398 1737 magno
414 1677 483 1722 oum
496 1663 569 1722 love
583 1664 694 1746 templa
712 1668 802 1722 tenet.

79 1741 155 1804 Nune
170 1761 309 1820 quoque,
325 1759 360 1805 se
379 1761 474 1822 supra
488 1763 526 1806 ne
542 1745 615 1821 quid
630 1746 688 1806 nisi
704 1745 806 1806 sidera
821 1755 932 1820 cernat,

114 1827 260 1902 Exiguum
274 1829 377 1905 templi
391 1836 471 1890 tecta
487 1830 623 1890 toramen
637 1829 758 1890 habent.

79 1910 222 1986 Termine,
238 1919 311 1988 post
324 1913 398 1972 illud
412 1913 521 1974 levitas
537 1909 592 1973 tibi
607 1913 702 1974 libera
716 1928 777 1974 non
792 1919 854 1974 ests

116 1993 176 2068 Qua
189 1997 308 2070 positus
324 1996 417 2058 lueris
432 1997 463 2056 in
478 1997 624 2071 statione,
639 2011 737 2071 mane,
767 2015 771 2026 ·

33 2076 70 2134 tlt
82 2076 136 2136 Neo
150 2086 181 2140 tu
193 2079 295 2140 vicino
313 2081 477 2156 quiequam
493 2082 630 2142 enneade
644 2079 771 2156 roganti,

115 2161 155 2222 Ne
170 2163 293 2224 videare
311 2163 464 2224 hominem
479 2162 793 2241 praeposuissemus

79 2243 112 2303 lit
124 2261 177 2307 seu
190 2247 379 2322 vomeribus,
395 2263 451 2309 seu
466 2255 498 2310 tu
513 2247 680 2325 pulsabere
693 2245 809 2321 rastris,

118 2328 243 2391 clamato
259 2331 353 2393 ‘Tuus
373 2338 420 2392 est
434 2331 483 2392 hio
497 2349 584 2408 ager,
599 2331 650 2391 ille
666 2347 742 2391 suus
750 2334 784 2389 1⁹²

79 2409 129 2472 list
142 2413 202 2488 via,
217 2430 297 2490 quae
312 2416 459 2492 populum
474 2416 641 2476 Laurentes
656 2413 740 2475 ducit
757 2414 787 2472 in
802 2427 904 2487 agros,

31 2501 68 2557 tto
114 2495 265 2569 Quondam
279 2499 434 2560 Dardanio
450 2515 545 2575 regna
559 2498 652 2575 petita
667 2498 746 2557 duel.

79 2577 129 2638 llla
143 2580 261 2658 lanigeri
278 2583 400 2658 peeoris
414 2579 482 2658 tib'i,
497 2581 650 2655 Termine,
666 2579 752 2641 libris

7 2717 8 2722 ,
113 2661 203 2726 Sacra
215 2665 298 2727 videt
312 2665 379 2727 lieri
394 2674 500 2726 sextus
516 2667 554 2726 ab
569 2665 652 2726 Urbe
670 2665 759 2740 lapis.

7 2769 8 2778 ¹
80 2745 214 2810 denibus
229 2757 277 2811 est
291 2750 358 2811 aliis
373 2743 463 2810 tellus
479 2750 550 2810 data
564 2750 657 2810 limite
671 2755 770 2809 aanor

114 2831 263 2894 Romanae
277 2833 411 2910 spatium
425 2840 472 2894 est
484 2833 575 2895 Urbis
591 2841 622 2894 et
635 2833 717 2893 orbis
732 2831 823 2891 idem.
923 2847 929 2856 ·

328 2965 381 3030 24.
409 2967 435 3028 G
455 2967 648 3030 uuella

31 3085 69 3142 ote
80 3079 158 3143 Nune
171 3084 240 3146 mihi
255 3085 387 3147 dicenda
401 3086 544 3162 astragis
560 3089 641 3164 luga.
668 3088 759 3148 traxit
773 3087 813 3149 ab
829 3085 880 3147 illa

7 3199 8 3202 =
115 3164 220 3230 Sextus
234 3169 272 3229 ab
287 3177 425 3231 extremo
442 3170 566 3232 nomina
580 3187 686 3232 mense
700 3171 779 3233 dies.

7 3251 9 3286 z
77 3247 177 3311 llltima
190 3251 370 3330 Tarquinius
386 3253 544 3316 Romanae
560 3254 659 3330 gentis
672 3253 806 3317 habebat

8 3391 9 3416 ,
111 3333 224 3410 Regna,
238 3337 288 3398 vir
302 3338 448 3411 iniustus,
466 3338 551 3400 lortis
566 3338 606 3398 ad
621 3354 705 3398 arma
718 3345 828 3398 tamen.

78 3413 197 3490 ceperat
208 3421 260 3501 ¹hie
274 3422 367 3497 alias,
382 3422 460 3483 alias
476 3427 626 3482 everterat
639 3421 741 3489 urbes.

9 3505 11 3576 j
29 3501 68 3554 lit
119 3498 150 3560 lit
163 3503 274 3568 Gabios
291 3507 369 3583 turpi
385 3508 497 3568 leserat
512 3511 576 3566 arte
591 3519 677 3566 suos.

9 3597 13 3626 l
