2372 3928
398 197 446 274 tit,
467 197 497 270 5,
520 197 635 274 45-6,
659 200 710 264 60.

154 349 271 410 iustitia
284 350 367 410 vtres
382 357 532 427 temperat
545 353 595 413 ille
610 369 694 414 suas.

80 448 109 500 aa
119 435 219 509 Nuper
231 447 299 494 earu
316 433 430 495 Caesar
441 436 521 497 iacto
537 436 577 497 de
591 451 741 497 marmore
755 438 880 514 templo,

155 516 338 594 Iampridem
354 520 457 595 posuit
470 521 580 581 mentis
597 519 628 579 in
643 520 721 581 aede
736 537 822 583 suae.

117 602 249 680 luppiter
262 603 293 661 in
309 603 420 662 multos
434 603 596 664 temerarie
610 603 737 665 fulmina
749 612 880 682 torquet,

155 686 210 760 Qui
224 701 357 762 poenam
374 687 465 762 culpa
480 701 542 746 non
558 702 696 748 meruere
710 689 783 764 pati.

119 769 252 830 obruerit
267 770 370 830 saevis
386 784 456 831 oum
469 776 515 830 tot
528 771 605 832 deus
622 774 766 848 aequoris
781 774 881 847 undis,

81 865 111 918 30
157 853 202 913 Ex
215 853 276 913 iliis
291 853 386 929 mergi
401 869 475 930 pars
492 862 586 929 quota
601 855 693 931 digna
707 856 781 918 iuitt

118 938 186 998 Cum
200 943 329 1013 pereant
343 937 410 998 acie
424 938 591 999 fortissima
605 955 755 1016 quaeque,
779 942 827 1001 vei
842 943 911 1017 ipso

151 1022 254 1082 iudice
268 1021 407 1082 delectus
420 1021 527 1083 Martis
542 1023 664 1100 iniquus
679 1025 745 1084 erit.

115 1108 152 1166 At
166 1105 193 1165 si
207 1105 286 1166 sorte
300 1105 379 1166 velis
393 1106 423 1166 iu
439 1122 497 1166 uos
512 1107 673 1183 inquirere,
695 1124 785 1170 nemo
801 1115 856 1183 est,

155 1189 207 1263 Qui
223 1205 267 1261 se,
292 1189 377 1264 quod
392 1191 510 1264 potitur,
532 1192 752 1254 commeruisse
767 1200 865 1268 neget.

80 1284 108 1337 35
119 1273 217 1344 Adde,
239 1272 325 1348 quod
338 1273 490 1334 extinctos
505 1276 554 1335 vet
570 1291 659 1351 aqua,
677 1279 728 1337 vel
741 1276 846 1352 Marte,
867 1277 918 1337 vel
932 1275 993 1352 igni

153 1357 237 1418 Nulla
252 1364 357 1433 potest
371 1357 479 1419 iterum
492 1359 664 1422 restituisse
682 1361 760 1422 dies.

115 1441 250 1504 Restituit
263 1442 387 1518 multos,
410 1450 461 1504 eut
475 1457 596 1518 poenae
610 1452 697 1520 parte
713 1445 826 1506 levavit

151 1526 271 1586 Caesar.
305 1533 335 1587 ct
348 1526 379 1587 in
393 1528 496 1588 muitis
509 1544 559 1590 me
573 1529 647 1588 velit
661 1544 732 1589 esse
747 1535 871 1605 precort

114 1611 150 1670 At
163 1617 208 1683 tu,
232 1626 302 1672 oum
316 1611 368 1672 tali
383 1613 518 1688 populus
533 1610 591 1672 sub
608 1613 746 1689 principe
759 1613 867 1685 simus,

81 1705 110 1757 to
154 1695 309 1771 Adloquio
325 1696 445 1772 profugi
461 1696 562 1757 credis
576 1695 679 1757 inesse
693 1703 826 1758 metumt

114 1777 248 1839 Forsitan
262 1779 340 1840 haec
354 1781 478 1841 domino
493 1779 637 1841 Busiride
651 1781 716 1840 iure
730 1781 861 1854 timeres

151 1865 210 1924 Aut
224 1863 315 1924 solito
331 1866 455 1925 clausos
469 1879 560 1925 urere
573 1864 602 1924 in
618 1879 690 1924 aere
704 1864 798 1924 viros.

115 1947 222 2008 Desine
235 1947 338 2008 mitem
353 1949 485 2010 animum
502 1963 582 2008 vano
596 1949 743 2008 infamare
757 1948 875 2008 timore.

153 2030 253 2092 Saeva
268 2033 341 2107 quid
356 2033 385 2094 in
402 2033 532 2109 placidis
547 2048 625 2093 saxa
639 2033 755 2094 vereris
770 2031 881 2108 aquisr

78 2127 104 2181 tt
116 2114 179 2190 lpse
193 2131 253 2192 ego
270 2117 354 2192 quod
369 2117 467 2192 primo
483 2116 595 2193 scripsi
609 2117 676 2177 sino
686 2116 808 2179 nomine
823 2113 922 2189 vobis,

150 2200 208 2259 Vix
224 2201 367 2261 excusari
382 2217 478 2276 posse
492 2201 564 2262 mihi
579 2200 697 2262 videor.

117 2281 171 2344 Sed
187 2299 288 2360 pavor
302 2285 428 2346 attonito
443 2284 570 2346 rationis
584 2284 741 2347 ademerat
754 2301 854 2359 usum,

152 2368 294 2429 Cesserat
308 2384 399 2430 omne
413 2370 502 2430 novis
519 2369 741 2444 consiliumque
755 2368 853 2428 malis.

116 2450 336 2528 Fortunamque
350 2468 449 2514 meam
463 2461 612 2526 metuens
635 2467 697 2512 nou
712 2451 843 2512 vindicis
858 2450 943 2521 iram,

77 2546 104 2596 to
151 2537 298 2598 Terrebar
310 2535 396 2598 titulo
412 2537 543 2598 nominis
558 2537 627 2612 ipse
641 2536 722 2597 mei.¹

14 2659 15 2676 t
115 2618 262 2682 Hactenus
278 2621 452 2682 admonitus
467 2621 593 2682 memori
610 2619 747 2681 concede
762 2623 881 2695 poetae,

149 2703 243 2765 Ponat
257 2711 290 2765 ut
305 2706 335 2765 in
352 2704 466 2766 chartis
483 2705 607 2766 nomina
620 2719 691 2764 cara
706 2704 781 2764 suis.

14 2787 16 2826 ὲ
57 2823 59 2832 «
115 2787 207 2863 Turpe
222 2789 278 2850 crit
292 2788 452 2861 ambobus
477 2790 567 2864 longo
583 2788 654 2848 mihi
670 2788 827 2865 proximus
841 2801 900 2846 usu

153 2869 183 2931 Si
198 2874 280 2933 uuila
296 2873 363 2932 libri
379 2879 464 2948 perte
478 2873 580 2948 legare
594 2873 663 2932 mei.

14 2991 16 3010 r
77 2959 104 3010 tt
115 2953 154 3014 Ne
167 2963 268 3017 tumen
284 2957 344 3018 iste
358 2964 457 3018 metus
472 2971 599 3018 somnos
613 2955 666 3016 tibi
680 2969 823 3030 rumpere
837 2952 946 3029 possit,

153 3039 215 3100 Non
233 3041 322 3114 ultro,
344 3056 435 3116 quum
449 3040 506 3114 vis,
528 3039 689 3100 officiosus
704 3053 769 3100 cro.

116 3121 212 3198 Teque
225 3131 337 3200 tegam,
361 3124 413 3199 qui
429 3124 483 3198 sis,
505 3124 565 3184 nisi
580 3139 648 3184 oum
663 3122 839 3199 permiseris
854 3120 933 3196 ipse.

153 3207 281 3283 cogetur
295 3223 386 3269 uento
401 3223 514 3270 munus
529 3206 643 3270 habere
657 3221 767 3267 meum.

116 3285 155 3347 Tu
167 3292 267 3366 modo,
289 3305 381 3368 quem
394 3298 518 3367 poteras
534 3292 582 3351 vel
597 3298 701 3367 aperte
715 3297 798 3351 tutus
814 3301 925 3361 amare,

75 3372 103 3425 60
153 3371 181 3432 Si
196 3390 245 3436 res
261 3383 310 3437 est
325 3390 441 3452 anceps
456 3375 524 3450 istu,
546 3374 674 3436 latenter
688 3390 767 3434 ama.

443 3485 636 3496 ....--.--·-
