2372 3928
49 218 60 254 ”
164 231 226 295 aaa
543 226 802 289 rnsroaunr

240 384 290 443 Me
307 382 407 442 chaos
422 379 567 457 antiqui...
582 395 652 439 nam
667 393 736 438 sum
752 393 803 438 res
819 380 955 457 prisea...
972 379 1118 439 vocabant

283 467 414 544 Aspice,
431 481 523 540 quam
539 463 623 537 longi
636 461 784 537 temporis
800 471 869 524 acta
884 479 1002 524 canam.

175 563 225 616 105
239 550 372 612 Lucidus
387 549 436 609 hic
452 565 519 622 aer,
536 553 567 608 et
582 562 663 622 quae
676 546 734 606 iria
749 561 883 623 corpora
896 554 1020 622 restani,

286 634 383 708 Ignis,
403 648 517 708 aquae,
531 632 640 706 tellus,
655 647 736 692 uuus
747 646 883 693 acervus
896 639 972 692 erat.

242 717 282 780 Ut
301 719 397 778 semel
410 717 488 776 haec
500 731 603 777 rerum
619 714 749 776 secessit
764 713 815 775 lite
830 731 966 789 suarum,

285 802 380 876 Inque
395 816 493 861 novas
511 799 585 859 abiit
596 814 700 860 massa
719 799 820 859 soluta
836 800 957 871 domos,

241 883 376 944 Flamma
391 886 465 960 petit
478 885 585 958 altum,
602 881 730 958 propior
740 883 828 944 locus
842 886 917 943 aera
932 882 1028 959 cepit.-

175 979 225 1030 110
281 967 434 1028 Sederunt
447 967 548 1028 medio
563 974 645 1026 terra
659 965 833 1041 iratumque
847 968 927 1028 solo.

241 1050 325 1110 Tunc
339 1067 414 1127 ego,
431 1051 483 1128 qui
497 1051 615 1115 lucram
631 1049 741 1126 globus
756 1059 788 1111 et
800 1050 869 1111 sine
882 1050 1016 1125 imagine
1031 1053 1122 1122 moles,

284 1133 316 1194 ln
333 1135 442 1195 iaciem
456 1135 532 1195 redii
549 1135 702 1210 dignaque
717 1133 853 1194 membra
868 1136 938 1194 deo.

241 1218 327 1278 Nunc
343 1234 481 1294 quoque,
497 1218 645 1278 confusae
657 1218 813 1292 quondam
827 1225 901 1278 nota
915 1235 1014 1294 parva
1027 1220 1133 1294 figurae.

283 1304 362 1361 Ante
380 1303 464 1377 quod
477 1310 525 1362 cst
539 1301 568 1360 in
581 1317 632 1360 me
647 1309 796 1376 postque,
814 1301 935 1362 videtur
950 1303 1040 1362 idem.

174 1395 222 1448 lla
236 1385 368 1460 Accipe,
387 1385 544 1460 quaesitae
560 1400 640 1460 quae
653 1400 751 1446 causa
770 1385 809 1446 sit
823 1385 919 1445 altera
936 1385 1060 1459 formae,

283 1468 369 1530 Hanc
383 1469 519 1529 simulat
532 1468 615 1529 noris
631 1469 828 1543 ciliciumque
844 1483 955 1530 meum.

243 1551 393 1628 Quicquid
409 1551 522 1629 ubique
537 1553 641 1625 vides,
660 1553 794 1627 caelum,
817 1569 916 1627 mare,
932 1553 1051 1629 nubila,
1064 1561 1142 1614 terras

285 1634 392 1696 Omnia
406 1644 479 1697 sunt
492 1643 597 1696 nostra
612 1637 717 1696 clausa
731 1643 899 1712 patentque
913 1653 1014 1698 manu.

242 1719 291 1779 Mo
308 1735 403 1795 penes
418 1727 573 1781 estunam
589 1719 668 1780 vasti
683 1720 826 1781 custodia
845 1721 961 1794 mundi,

173 1813 223 1864 110
279 1803 316 1863 m
330 1803 378 1864 ius
393 1804 531 1866 vertendi
547 1803 680 1865 cardinis
696 1819 786 1864 omae
801 1819 902 1866 meum
919 1813 976 1865 est.

243 1886 317 1948 Cum
331 1887 417 1949 libuit
430 1888 541 1948 Pacem
557 1887 686 1963 placidis
699 1887 838 1948 emittere
853 1888 951 1961 tectis,

283 1970 393 2032 libera
407 1979 572 2048 perpetuas
586 1971 785 2033 ambulatilia
800 1973 876 2033 vias.

243 2053 397 2132 Sanguine
410 2056 528 2117 letifero
544 2063 624 2116 totus
639 2055 816 2118 miscebitur
832 2055 929 2133 orhiS,

283 2139 319 2200 Ni
333 2146 455 2202 teneant
467 2139 583 2216 rigidae
597 2139 721 2200 condita
734 2140 815 2201 bella
829 2157 930 2204 serae.

176 2233 224 2286 125
237 2224 403 2288 Praesidae
419 2224 536 2286 loribus
555 2223 632 2284 caeli
646 2238 715 2284 cum
731 2223 856 2288 mitibus
871 2227 979 2288 Horis:

284 2311 324 2381 it,
340 2309 420 2370 redit
434 2309 536 2370 oldcio
551 2307 687 2384 luppiter
701 2307 770 2385 ipse
785 2327 865 2372 meo.

242 2393 317 2454 inde
331 2407 427 2455 vocor
440 2395 541 2457 lanus.
572 2393 623 2454 Cui
640 2409 709 2454 cum
725 2393 842 2456 Ceriale
856 2398 1006 2458 sacerdos

284 2477 416 2554 Imponit
429 2479 523 2540 libum
538 2479 680 2554 farraque
695 2478 791 2538 mixta
804 2481 878 2552 sale,

242 2560 371 2623 Nomina
384 2561 510 2624 ridebis.
540 2563 632 2624 modo
648 2577 780 2638 namque
793 2563 948 2626 Patulcius
964 2565 1047 2626 idem

173 2651 223 2706 130
278 2645 315 2706 Et
328 2646 420 2706 modo
436 2645 577 2706 sacrifico
593 2645 714 2708 Clusius
735 2662 790 2709 ore
805 2663 908 2708 vocor.

245 2727 367 2788 Scilicet
381 2729 496 2788 alterno
511 2729 607 2788 voluit
622 2730 707 2790 rudis
721 2732 774 2790 illa
787 2739 925 2793 vetustas

285 2811 414 2872 Nomine
428 2811 568 2872 diversas
580 2810 756 2888 significare
770 2813 866 2876 vices.

245 2893 298 2953 Vis
313 2909 382 2956 mea
396 2903 516 2956 narrata
532 2903 588 2956 est.
618 2913 744 2958 causam
758 2915 838 2960 nune
854 2899 940 2960 disce
954 2900 1085 2976 figurae:

283 2979 345 3037 Iam
359 2985 459 3040 tamen
473 2979 553 3039 hanc
567 2980 670 3056 aliqua
689 2989 721 3044 tu
737 2999 861 3059 quoque
879 2991 965 3060 parte
980 2985 1080 3046 vides.

173 3069 221 3124 135
237 3060 340 3122 Omnis
355 3061 446 3124 habet
461 3063 613 3140 geminas,
629 3065 701 3126 hinc
715 3074 808 3140 atque
822 3067 908 3142 hinc,
922 3067 1016 3130 ianua
1035 3068 1140 3128 ironiis

282 3145 307 3205 E
323 3146 433 3221 quibus
447 3147 525 3208 haec
539 3149 686 3226 populum
701 3156 835 3226 spectat,
851 3158 880 3213 at
894 3152 945 3212 illa
959 3153 1065 3214 larem.

241 3229 342 3304 litque
356 3231 469 3292 sedans
484 3233 573 3308 primi
586 3241 690 3295 vester
705 3249 804 3310 prope
817 3234 920 3295 limina
933 3237 1006 3297 tecti

283 3313 396 3375 Ianitor
410 3331 555 3390 egressus
568 3316 772 3394 introitusque
787 3317 878 3391 videt,

243 3397 293 3460 Sic
313 3413 370 3474 ego
384 3400 538 3476 perspicio
554 3403 696 3464 caelestis
710 3401 821 3463 ianitor
835 3404 924 3463 aulae

172 3491 221 3543 140
276 3482 358 3544 ans
372 3490 476 3558 partes
491 3485 714 3561 hesperiasque
729 3486 842 3547 simul..-
