2394 3940
175 255 218 316 as
547 219 551 228 ’
614 245 760 309 rurore

218 415 253 470 tu
305 405 343 464 Et
358 402 448 463 sinite
465 400 578 476 optatis
594 399 717 476 pondus
733 398 838 459 inesse
853 399 941 459 meis.

262 491 396 565 ipsaque
410 493 441 544 tu
455 484 567 558 Tellus,
590 471 691 559 ipsuni
707 499 775 543 cum
789 481 933 543 fluctibus
949 497 1074 559 aequor,

304 573 375 647 lpse
389 584 475 629 meas
489 568 595 628 aether
609 567 716 642 accipe
730 582 848 627 summe
864 582 989 641 preces:

263 656 436 730 Sideraque
452 660 481 712 et
495 652 590 712 radiis
607 651 794 712 circumdata
809 650 886 712 solis
902 651 1013 726 imago,

305 739 462 811 Lunaque,
487 750 566 810 quae
581 750 745 810 numquam
762 750 822 810 quo
838 735 932 811 prius,
956 735 1030 794 orbe
1045 735 1145 802 micas,

220 825 394 897 rationique
408 818 602 881 tenebrarum
617 819 722 894 specie
735 818 905 878 reverenda
920 828 1048 894 tuarum,

306 906 453 980 Quaeque
467 911 565 963 ratum
580 901 690 978 tripiici
706 903 818 977 pollice
833 903 911 962 netis
927 918 1015 978 opuS,

264 991 382 1066 Quique
395 1003 452 1063 per
466 987 601 1046 infernas
616 985 770 1046 horrendo
785 1001 937 1047 murmure
952 986 1049 1046 valles

306 1073 512 1148 Inperiuratae
526 1070 638 1131 laberis
655 1069 752 1129 amnis
767 1085 875 1145 aquae,

265 1159 409 1232 Quasque
423 1155 523 1214 ierunt
537 1161 615 1215 torto
630 1153 745 1214 vittatis
760 1169 859 1228 angue
874 1151 994 1230 capillis

149 1285 156 1298 .
221 1251 257 1304 80
311 1239 449 1302 Carceris
465 1239 615 1300 obscuras
631 1246 702 1299 ante
717 1238 827 1297 sedere
842 1239 935 1310 iores,

263 1327 330 1387 Vos
346 1339 479 1398 quoque,
502 1321 591 1398 plebs
607 1338 762 1397 superum,
785 1321 867 1381 iauni
882 1321 1044 1400 satyrique
1059 1322 1192 1396 laresque

304 1409 504 1481 Fluminaque
519 1413 549 1466 et
561 1406 717 1484 nymphae
732 1405 962 1482 semideumque
977 1422 1085 1482 genus,

264 1494 404 1569 Denique
418 1491 456 1550 ab
471 1491 595 1566 antiquo
612 1490 673 1549 divi
690 1490 1022 1566 veteresque'noviquc

306 1579 340 1637 ln
356 1581 492 1636 nostrum
508 1575 606 1634 cuncti
622 1582 752 1650 tompus,
775 1574 891 1650 adeste,
916 1574 1009 1634 chao!

223 1671 258 1726 85
272 1660 413 1721 Carmina
428 1660 499 1718 dum
514 1659 606 1734 capiti
620 1659 700 1718 maie
715 1658 778 1718 fido
795 1658 861 1718 dira
877 1666 1035 1732 canuntur,

306 1745 344 1804 Et
358 1750 510 1820 peragunt
525 1753 627 1818 partes
643 1743 689 1803 ira
703 1741 854 1816 dolorque
869 1759 958 1802 suase

265 1829 403 1889 Adnuite
419 1827 531 1902 optatis
547 1843 655 1889 omnes
671 1843 711 1888 ex
726 1826 834 1886 ordine
848 1825 971 1900 nostris,
1028 1829 1030 1833 ’

306 1913 344 1972 Et
358 1928 430 1988 pars
446 1912 484 1970 sit
500 1912 562 1972 voti
579 1913 661 1972 nulia
678 1911 796 1972 caduca
810 1911 879 1976 mei.

266 1996 412 2072 Quaeque
430 2011 548 2070 precor,
572 1995 654 2056 fiant.
692 2002 799 2056 utnon
814 2011 883 2056 mea
899 1995 987 2070 diota,
1012 1994 1135 2055 sedilia

223 2088 259 2144 9⁰
311 2078 480 2154 Pasiphaes
495 2080 600 2153 generi
616 2079 710 2139 verba
724 2079 821 2140 fuisse
835 2087 927 2156 putet.

266 2165 412 2239 Quasque
427 2178 485 2236 ego
501 2163 652 2224 transiero
669 2180 796 2240 poenas,
821 2165 952 2240 patiatur
965 2170 995 2224 et
1010 2164 1090 2223 ilias.
1191 2161 1192 2164 ’

188 2293 191 2299 -
306 2246 428 2308 Plenius
444 2246 565 2324 ingenio
582 2249 622 2308 sit
635 2248 728 2308 miser
744 2248 794 2308 illc
807 2265 886 2310 meo.

265 2333 349 2392 Neve
363 2330 464 2391 minus
480 2341 611 2392 noceant
626 2332 728 2393 fictum
744 2333 918 2394 execrantia
932 2347 1044 2392 nomen

306 2416 396 2493 Vota,
419 2415 518 2476 minus
532 2432 660 2492 magnos
677 2424 928 2478 commoveantve
945 2416 1037 2475 deos=

223 2501 354 2562 95111um
370 2516 428 2576 ego
444 2500 594 2572 devoveo,
619 2515 708 2575 quem
723 2517 810 2561 mens
825 2500 970 2575 inteiligit,
993 2499 1069 2574 Ibin,
1190 2569 1191 2574 ἵ

240 2649 243 2656 ,
308 2585 364 2659 Qui
379 2600 414 2646 se
430 2586 488 2644 soit
502 2584 590 2644 iactis
605 2583 663 2644 has
677 2585 828 2645 ineruisse
844 2601 963 2661 preces.

264 2670 353 2729 Nulla
367 2685 452 2728 mora
467 2674 516 2727 est
530 2669 560 2727 in
575 2684 634 2728 me.
667 2684 813 2745 peragam
828 2677 894 2730 rata
908 2676 980 2728 vota
994 2667 1157 2728 sacerdos.

308 2751 453 2826 Quisquis
470 2750 545 2811 ades
561 2751 668 2822 saeris,
692 2769 745 2813 ore
760 2754 869 2825 favete,
893 2754 979 2814 meis.

266 2835 412 2911 Quisquis
428 2835 503 2897 ades
520 2836 626 2907 sacris,
650 2836 790 2911 lugubria
805 2837 897 2897 dicite
911 2838 1015 2908 verba,

204 2926 254 2978 100
304 2920 342 2980 Et
357 2919 430 2980 fletu
444 2921 575 2981 madidis
590 2919 655 2980 Ibin
672 2920 753 2979 adite
767 2922 870 2996 genis:

265 3003 505 3080 Nominibusque
520 3005 609 3064 maiis
626 3003 820 3079 pedibusque
836 3003 985 3065 occurrite
999 3001 1109 3076 laevis,

307 3088 345 3148 Et
358 3088 462 3162 nigrae
478 3095 581 3149 vestes
597 3103 729 3162 corpora
743 3095 846 3148 vestra
860 3094 972 3164 tegant.

265 3173 310 3233 Tu
325 3186 458 3247 quoque,
483 3173 557 3246 quid
572 3172 694 3232 dubitas
711 3171 822 3232 ferales
839 3188 960 3233 sumere
976 3170 1090 3231 vittas?

307 3255 370 3314 Iam
385 3262 452 3330 stat,
474 3262 507 3315 ut
521 3255 589 3331 ipse
603 3255 701 3328 vides,
725 3255 840 3317 funeris
855 3273 910 3316 aro
925 3255 975 3315 tui.

194 3344 255 3398 '105
265 3337 381 3414 Pompa
395 3346 502 3414 parata
517 3340 569 3399 tibi
586 3346 641 3400 est.
676 3341 757 3400 votis
772 3357 858 3401 mora
872 3338 1008 3400 tristibus
1023 3337 1126 3399 absit·
1188 3317 1189 3326 ἵ

306 3422 352 3483 Da
366 3422 502 3497 iugulum
516 3424 628 3498 cultris,
651 3423 753 3484 hostia
769 3424 843 3499 dira,
865 3423 951 3483 meis.

264 3505 357 3567 Terra
370 3506 422 3567 tibi
438 3507 552 3586 fruges,
574 3508 673 3570 amnis
689 3507 741 3570 tibi
756 3509 888 3584 deneget
900 3505 1010 3580 undas,
