2450 3932
112 941 188 1030 Exilii
201 979 321 1031 Ovidiani
336 981 429 1046 scripta
445 971 582 1030 niaximum
599 989 696 1046 partem
713 984 745 1033 de
761 985 859 1050 integro
876 987 910 1036 ad
923 988 1038 1036 vetustis-

54 1048 113 1098 simos
126 1049 325 1112 uniuscuiusque
335 1049 451 1100 carminis
467 1049 566 1100 codices
578 1049 669 1100 collata
683 1051 799 1108 eduntur.
836 1053 905 1112 Quae
919 1056 1038 1120 temporis

54 1116 289 1178 ordineantecedunt‚
308 1118 455 1168 condicione
465 1117 594 1169 latendum
605 1127 643 1169 est
654 1120 791 1170 etiamnum
803 1135 852 1172 nou
864 1138 920 1174 esse
931 1124 1037 1189 optima.

54 1199 138 1246 quorum
148 1188 188 1250 qui
197 1187 258 1236 libri
268 1186 377 1236 adhunc
388 1187 455 1237 diem
467 1189 642 1246 innotuerunt,
658 1189 685 1237 id
697 1190 780 1254 Ipsum
791 1191 893 1242 minime
901 1198 1038 1257 praestant,

53 1255 105 1315 quod
113 1256 136 1304 iu
144 1255 190 1306 lrao
198 1256 311 1306 editione
321 1271 423 1320 operam
434 1256 560 1317 dedicius,
571 1265 605 1318 ιιι,
623 1257 646 1306 si
657 1257 721 1306 nihil
730 1258 808 1320 aliud,
820 1260 957 1310 auctoritas
966 1275 1039 1325 pare·

54 1325 156 1372 turrebus
171 1325 302 1388 inquibus
316 1326 599 1389 praeterauctoritatem
615 1325 678 1376 nlhil
688 1328 831 1389 requiritur.
854 1329 934 1378 Vetus
947 1338 1039 1379 sacrat

54 1389 94 1439 llic.
105 1391 191 1442 lleinsii
201 1392 325 1456 querella,
336 1395 407 1442 cuins
416 1407 475 1458 pars
486 1395 549 1444 satis
559 1396 654 1459 exigua
663 1395 761 1446 sublata
771 1405 808 1445 est
819 1397 879 1446 olim
889 1397 984 1460 aliquot
995 1411 1039 1445 no-

53 1461 80 1507 ris
88 1460 179 1510 auxiliis
190 1463 222 1512 ab
234 1462 331 1512 editore
341 1463 507 1527 comparatis,
523 1477 587 1526 quae
598 1477 664 1514 saec.
674 1461 719 1512 XII
736 1465 779 1514 va
797 1466 961 1531 attingebant.
991 1465 1039 1514 Ve-

54 1529 137 1580 iustiora
151 1530 315 1580 nanciscendi
330 1545 389 1596 apes
400 1531 498 1581 abiecta
513 1531 606 1581 iuerat:
625 1531 718 1582 iniuria
734 1533 836 1596 quidem
852 1543 876 1584 et
892 1549 949 1583 cum
964 1531 1038 1583 huius

54 1596 164 1649 voluminis
179 1599 326 1664 dispendio.
354 1597 415 1649 Sero
431 1599 497 1649 enim
519 1600 552 1650 ad
567 1601 688 1650 editorem
704 1602 818 1666 pervenit
839 1602 928 1652 notitia
944 1601 1039 1651 codicia

54 1666 150 1716 lilerium
164 1682 233 1718 saec.
243 1665 267 1716 X
279 1673 324 1717 aut
333 1667 377 1725 XI,
393 1667 437 1728 qul
447 1683 479 1718 ex
487 1667 639 1719 bibliotheca
650 1669 776 1720 Marciana
785 1669 926 1720 Florentiua
937 1671 963 1719 in
974 1671 1037 1720 Lau-

55 1735 167 1786 rrntIanaru
176 1736 314 1786 translatus
324 1739 430 1786 necdum
446 1739 472 1786 In
486 1741 586 1802 pluteos
601 1745 717 1802 receptus
731 1753 787 1788 esse
799 1739 898 1788 dicitnr.
917 1754 948 1788 ex
959 1753 989 1786 eo
999 1753 1038 1788 co-

56 1800 108 1867 lice,
122 1819 192 1868 quem
206 1811 353 1870 postremus
368 1819 504 1870 usurpasse
514 1807 581 1871 ring.
596 1805 735 1855 Politianus
748 1807 860 1866 videtur,
877 1806 1040 1856 enotabantur

55 1872 168 1936 scripturae
182 1874 297 1938 integrae
312 1874 425 1938 priorum
442 1871 492 1927 165
506 1888 625 1924 veranum
635 1873 692 1923 libri
707 1874 811 1924 secundi
827 1881 851 1922 ει
866 1874 978 1939 priorum
994 1887 1041 1923 sex

56 1939 192 2001 epistolarum
201 1941 262 1992 libri
273 1942 355 1991 tertii:
367 1957 433 2005 quae
442 1943 577 2008 pleraeque
588 1943 613 1992 iu
623 1941 670 1992 hue
680 1943 790 1993 editione
799 1944 834 1993 ita
843 1941 1002 2002 exhibentur,
1014 1949 1041 1992 ut

55 2006 123 2058 collato
136 2012 253 2076 exemplo
268 2010 428 2061 Reimeriano
445 2011 518 2060 iacile
531 2010 684 2077 deprehendi
698 2011 806 2075 possint.
827 2009 1041 2076 OrthographIanr

55 2079 191 2141 suppeditant
203 2087 327 2130 vetustam
340 2087 364 2129 ει
373 2081 398 2128 in
409 2080 560 2142 quibusdam
573 2093 669 2129 raramt
688 2078 750 2128 nihil
766 2086 889 2129 mutatum
900 2081 930 2128 ab
946 2079 1041 2130 editore
1058 2089 1060 2095 '

55 2153 133 2209 praeter
140 2150 283 2208 comuniter,
292 2150 427 2211 proprior,
438 2150 562 2199 incolomis
572 2156 597 2198 et
606 2149 713 2197 abusum
724 2148 861 2198 litterarum
870 2163 885 2198 e
895 2155 918 2197 ει
928 2145 952 2202 lt.
975 2145 1041 2197 Sori-

54 2220 122 2276 pluras
137 2219 198 2266 duas
213 2219 371 2266 coniecturas
385 2217 514 2266 doctorum
530 2217 662 2267 adstruunt
677 2214 822 2268 1194et111
837 2218 862 2278 5,
874 2215 917 2280 Io,
935 2231 1041 2278 cumque

55 2281 92 2330 sliu
99 2285 249 2350 probabilia,
267 2294 320 2334 turn
330 2300 408 2336 unum
419 2286 564 2351 egregium,
579 2285 753 2348 privarerbo,
770 2283 853 2338 11138
869 2284 1041 2350 suppeditant.

54 2351 116 2402 istaec
123 2354 153 2404 ab
163 2354 360 2419 interpolatione
370 2369 419 2404 uon
429 2355 569 2419 putaverim
581 2353 725 2418 repetenda.
746 2367 762 2402 a
773 2369 823 2418 qua
833 2354 947 2418 quamvis
958 2353 1041 2403 aliena

55 2423 127 2470 nonsit
138 2421 194 2488 ipsa
203 2424 286 2487 prima
297 2423 356 2477 libri
365 2437 463 2488 manus,
476 2431 514 2472 est
524 2429 645 2472 satamon
659 2421 690 2470 de
701 2437 731 2472 eo
742 2437 842 2488 genere,
854 2422 922 2485 quod
932 2435 964 2470 ex
975 2422 1041 2471 Lau-

56 2489 146 2539 rentiano
156 2493 226 2543 Μειι.
238 2499 264 2540 ει
273 2490 419 2540 GassInensi
428 2491 494 2540 Fast.
505 2491 591 2541 codice
601 2505 651 2540 non
661 2498 699 2540 est
708 2490 835 2556 ignotum,
851 2489 921 2540 volut
930 2491 952 2538 Il
960 2486 978 2540 8
986 2491 1043 2539 dom

54 2554 102 2605 doti
111 2559 190 2625 ιἰιεεα,
206 2556 240 2612 77
250 2560 387 2611 crudeliter
399 2559 507 2610 omnibus
518 2559 608 2618 doctis,
625 2565 712 2608 natum
726 2573 758 2607 ex
772 2557 896 2622 scriptura
907 2557 1041 2618 crudelior,

55 2624 144 2684 triaco
153 2629 210 2678 Hoc
221 2629 394 2691 praenuncius
407 2636 485 2681 orara.
514 2631 534 2678 Α
548 2643 624 2679 manu
634 2626 728 2677 recenti
742 2640 845 2676 rasurae
862 2631 886 2674 ct
902 2625 995 2674 nullius
1006 2627 1043 2676 rei

54 2693 169 2756 scripturae
175 2696 261 2746 illatae
270 2703 340 2747 sunt:
351 2697 463 2747 eomodo
469 2697 586 2748 fortassis
595 2696 643 2746 locl
653 2696 675 2744 ll
682 2691 716 2746 79
728 2695 858 2760 integritas
868 2695 1042 2759 pessumdata.

53 2759 109 2811 obelo
118 2764 141 2814 ln
152 2765 242 2815 dextro
252 2766 366 2831 margine
376 2765 485 2817 indicari
495 2765 615 2815 medelam
626 2772 726 2830 praesto
737 2777 787 2813 non
797 2777 866 2813 esse:
875 2761 965 2828 'pueris
975 2762 1044 2814 soili-

56 2837 82 2877 ιιι
92 2831 150 2882 aliae
156 2840 244 2898 partes
259 2835 350 2884 rectius
360 2836 469 2884 enarrari
477 2841 604 2900 poterunt.
628 2831 705 2883 Obelo
715 2833 740 2880 iu
754 2832 855 2882 sinistro
865 2834 980 2897 margine
988 2847 1043 2883 ver-

56 2909 86 2944 ⁵11⁵
95 2901 168 2963 spurii
178 2909 310 2963 notantur,
320 2918 384 2966 quos
395 2911 492 2953 maturo
502 2901 587 2952 illatos
598 2916 654 2952 esse
663 2908 811 2972 argumento
821 2908 859 2950 est
867 2899 909 2950 hic
918 2900 989 2960 liber,
1000 2902 1043 2964 qni

54 2968 197 3027 praeteriere
207 2971 301 3020 veteris
310 2986 391 3021 nexus
402 2972 523 3021 iudicium
533 2972 555 3021 II
565 2968 615 3022 113
627 2983 713 3019 οιιιιιεε
724 2969 808 3019 nativa
818 2969 919 3032 quidem
928 2970 1044 3019 barbarie

55 3036 126 3097 reddit,
135 3037 184 3090 hoo
193 3055 296 3104 quoque
305 3041 361 3090 cod.
373 3040 447 3089 Lanr.
460 3039 560 3092 similis.
570 3051 700 3104 perperam
710 3037 804 3087 omissa
814 3043 872 3088 ειιιιι
883 3035 1044 3101 1114,52‚53,

55 3115 88 3151 nec
96 3109 233 3168 putaverim
243 3108 292 3157 hac
302 3109 449 3159 anctoritate
457 3108 580 3158 tollendos
591 3103 659 3172 1113,
670 3103 696 3172 3,
707 3105 733 3158 4.
743 3107 789 3154 Hie
799 3105 863 3156 liber
872 3121 929 3156 cum
940 3106 1045 3156 collatus

54 3183 148 3224 accurate
157 3183 182 3226 et
192 3177 309 3242 cognitus
322 3175 380 3226 talis
391 3175 481 3241 inerit,
497 3176 580 3240 quella
590 3189 646 3224 esse
656 3189 737 3240 prope
747 3174 835 3236 debet,
852 3183 939 3225 auctor
953 3190 995 3224 ero
1006 3189 1045 3226 re-

54 3239 173 3306 temptari,
194 3261 220 3296 v.
235 3245 289 3293 hss.
297 3280 306 3310 ,
324 3251 351 3293 nt
367 3245 464 3310 priores
478 3243 554 3295 huius
569 3244 705 3295 voluminis
720 3243 838 3308 plagulae
853 3250 1000 3308 repetantur
1016 3257 1046 3294 ao

54 3312 141 3360 seorsim
155 3313 355 3371 venumdentur3
372 3316 482 3363 maxime
496 3316 518 3363 si
533 3315 559 3363 iu
569 3328 598 3363 eo
610 3312 674 3362 libro
683 3311 810 3361 Marciano
818 3312 869 3362 Ibis
884 3313 958 3362 etiam
971 3313 1044 3376 inest,

54 3380 225 3436 quodamicnm
241 3381 316 3431 oredo
334 3381 512 3448 affirmavisse,
532 3383 649 3444 quodque
666 3380 802 3432 verisimile
821 3388 871 3441 est,
891 3381 913 3430 si
930 3379 1045 3429 conferas

55 3459 104 3503 qnae
112 3448 135 3496 in
150 3450 191 3498 ed.
202 3451 285 3501 licim.
295 3463 339 3515 pp.
350 3449 459 3500 XXXIII
470 3458 494 3500 et
505 3447 557 3500 408
571 3451 716 3499 dictasunt.
738 3449 803 3498 Nam
811 3449 890 3499 ibidis
905 3462 1004 3511 quoqne
1020 3449 1044 3498 in
1096 3453 1103 3463 '

55 3509 90 3561 loc
100 3515 225 3567 volumine
238 3518 306 3568 idem
322 3523 403 3568 status
414 3526 467 3579 est,
483 3520 526 3582 qui
536 3519 670 3568 Tristium:
687 3530 813 3581 perpauca
823 3523 881 3580 post
890 3530 963 3565 ouras
977 3517 1043 3580 prio·
